"timestamp","tid","price","amount","exchange","type"
1466000719,19211244,688.62,0.55,"bitfinex","sell"
1466000724,19211246,688.62,0.7647674,"bitfinex","sell"
1466000726,19211250,688.62,0.40767214,"bitfinex","sell"
1466000732,19211254,688.62,0.01391678,"bitfinex","sell"
1466000735,19211258,688.63,0.1,"bitfinex","buy"
1466000738,19211260,688.62,0.01391517,"bitfinex","sell"
1466000740,19211262,688.63,0.35,"bitfinex","buy"
1466000743,19211266,688.63,0.1,"bitfinex","buy"
1466000747,19211270,688.63,0.1,"bitfinex","buy"
1466000764,19211272,688.62,0.01094451,"bitfinex","sell"
1466000764,19211274,688.62,0.28905549,"bitfinex","sell"
1466000767,19211276,688.63,6.587,"bitfinex","buy"
1466000767,19211278,688.63,3.413,"bitfinex","buy"
1466000770,19211280,688.62,0.0698286,"bitfinex","sell"
1466000770,19211282,688.62,0.04329246,"bitfinex","sell"
1466000785,19211286,688.63,0.05,"bitfinex","buy"
1466000789,19211288,688.63,0.1,"bitfinex","buy"
1466000798,19211290,688.62,0.54534607,"bitfinex","sell"
1466000810,19211296,688.63,3.22170253,"bitfinex","buy"
1466000819,19211298,688.63,0.1,"bitfinex","buy"
1466000826,19211300,688.62,0.05529341,"bitfinex","sell"
1466000829,19211302,688.63,0.36,"bitfinex","buy"
1466000850,19211352,688.62,0.02910179,"bitfinex","sell"
1466000858,19211354,688.62,0.14550898,"bitfinex","sell"
1466000861,19211356,688.63,0.19,"bitfinex","buy"
1466000871,19211358,688.63,0.05,"bitfinex","buy"
1466000874,19211360,688.63,1.38213494,"bitfinex","buy"
1466000874,19211362,688.63,7.2304,"bitfinex","buy"
1466000874,19211364,688.63,11.53066506,"bitfinex","buy"
1466000875,19211366,688.63,2.8577,"bitfinex","buy"
1466000885,19211368,688.63,1.843038,"bitfinex","buy"
1466000889,19211370,688.63,0.05,"bitfinex","buy"
1466000890,19211372,688.64,25,"bitfinex","buy"
1466000892,19211374,688.63,1.941162,"bitfinex","buy"
1466000894,19211376,688.63,1.941162,"bitfinex","buy"
1466000899,19211378,688.63,1,"bitfinex","buy"
1466000908,19211380,688.63,1,"bitfinex","buy"
1466000914,19211386,688.63,10,"bitfinex","buy"
1466000922,19211390,688.63,0.532,"bitfinex","buy"
1466000922,19211392,688.63,0.588,"bitfinex","buy"
1466000923,19211394,688.63,4.8600615,"bitfinex","buy"
1466000923,19211396,688.64,20.1399385,"bitfinex","buy"
1466000925,19211398,688.64,5,"bitfinex","buy"
1466000929,19211400,688.64,7.0600615,"bitfinex","buy"
1466000929,19211402,688.64,4.9399385,"bitfinex","buy"
1466000939,19211410,688.64,0.2819385,"bitfinex","buy"
1466000939,19211412,688.64,0.0600615,"bitfinex","buy"
1466000939,19211414,688.64,0.309,"bitfinex","buy"
1466000939,19211416,688.63,0.32333731,"bitfinex","sell"
1466000943,19211418,688.63,0.05883424,"bitfinex","sell"
1466000945,19211420,688.64,19.0868,"bitfinex","buy"
1466000954,19211424,688.64,1.04,"bitfinex","buy"
1466000956,19211428,688.64,0.398,"bitfinex","buy"
1466000967,19211430,688.63,0.01414005,"bitfinex","sell"
1466000979,19211432,688.64,22.1194,"bitfinex","buy"
1466000983,19211434,688.64,0.328,"bitfinex","buy"
1466000987,19211438,688.64,4.4368615,"bitfinex","buy"
1466000990,19211440,688.63,1,"bitfinex","sell"
1466000994,19211442,688.7,0.05,"bitfinex","buy"
1466000996,19211444,688.7,0.95,"bitfinex","buy"
1466001009,19211446,689.16,0.05,"bitfinex","buy"
1466001010,19211448,689.16,0.05,"bitfinex","buy"
1466001012,19211452,689.16,0.05,"bitfinex","buy"
1466001026,19211454,689.09,0.5,"bitfinex","sell"
1466001031,19211456,689.16,0.7626,"bitfinex","buy"
1466001032,19211458,689.1,0.5,"bitfinex","sell"
1466001034,19211460,689.16,4.5,"bitfinex","buy"
1466001042,19211462,689.12,0.1,"bitfinex","sell"
1466001066,19211466,689.02,0.02182634,"bitfinex","sell"
1466001080,19211468,689.08,0.03,"bitfinex","sell"
1466001087,19211470,689.15,1,"bitfinex","buy"
1466001091,19211472,689.14,1,"bitfinex","buy"
1466001098,19211474,689.12,0.19,"bitfinex","buy"
1466001113,19211478,689.11,1.71138643,"bitfinex","buy"
1466001113,19211480,689.11,0.17691757,"bitfinex","buy"
1466001121,19211482,689.1,1.888304,"bitfinex","sell"
1466001121,19211484,689.1,0.05,"bitfinex","sell"
1466001125,19211486,689.01,0.01,"bitfinex","buy"
1466001154,19211496,689.03,0.01,"bitfinex","sell"
1466001159,19211498,689.03,1.853916,"bitfinex","sell"
1466001160,19211500,689.08,0.5,"bitfinex","buy"
1466001171,19211502,689.03,1.780196,"bitfinex","sell"
1466001178,19211506,689.01,1.780196,"bitfinex","sell"
1466001192,19211508,689.02,7.2461,"bitfinex","buy"
1466001192,19211510,689.03,1,"bitfinex","buy"
1466001192,19211512,689.05,7.691,"bitfinex","buy"
1466001200,19211514,688.64,1.89872,"bitfinex","sell"
1466001200,19211516,689.02,0.05,"bitfinex","sell"
1466001200,19211518,689,0.05,"bitfinex","sell"
1466001200,19211520,689,0.05,"bitfinex","sell"
1466001200,19211522,689.03,1.85128,"bitfinex","sell"
1466001200,19211524,688.9,0.05,"bitfinex","sell"
1466001200,19211526,689.01,0.05,"bitfinex","sell"
1466001210,19211528,688.65,5.224658,"bitfinex","sell"
1466001210,19211530,688.66,1.997842,"bitfinex","sell"
1466001220,19211532,688.64,1.783706,"bitfinex","sell"
1466001220,19211534,688.61,0.015,"bitfinex","sell"
1466001220,19211536,688.63,0.05,"bitfinex","sell"
1466001220,19211538,688.61,0.05,"bitfinex","sell"
1466001220,19211540,688.61,0.05,"bitfinex","sell"
1466001220,19211542,688.61,8.548294,"bitfinex","sell"
1466001229,19211544,688.62,0.19,"bitfinex","sell"
1466001230,19211546,688.62,0.74459819,"bitfinex","sell"
1466001230,19211548,688.55,0.05,"bitfinex","sell"
1466001230,19211550,688.61,0.451706,"bitfinex","sell"
1466001230,19211552,688.55,0.01003,"bitfinex","sell"
1466001230,19211554,688.54,7.2454,"bitfinex","sell"
1466001230,19211556,688.53,0.1,"bitfinex","sell"
1466001230,19211558,688.6,0.05,"bitfinex","sell"
1466001230,19211560,688.53,2.04047846,"bitfinex","sell"
1466001250,19211572,688.54,0.5,"bitfinex","sell"
1466001250,19211574,688.54,3,"bitfinex","sell"
1466001250,19211576,688.03,7.51997525,"bitfinex","sell"
1466001250,19211578,688.5,25,"bitfinex","sell"
1466001250,19211580,688.29,8.8007,"bitfinex","sell"
1466001250,19211582,688.5,0.05,"bitfinex","sell"
1466001250,19211584,688.45,0.1,"bitfinex","sell"
1466001250,19211586,688.4,0.05,"bitfinex","sell"
1466001250,19211588,688.37,0.3947,"bitfinex","sell"
1466001250,19211590,688.1,0.05,"bitfinex","sell"
1466001250,19211592,688.53,7.95952154,"bitfinex","sell"
1466001251,19211594,688,0.328,"bitfinex","sell"
1466001272,19211600,688.36,2,"bitfinex","buy"
1466001312,19211606,688.2,0.19,"bitfinex","sell"
1466001323,19211608,688.36,0.3,"bitfinex","buy"
1466001330,19211610,688.25,0.02280947,"bitfinex","sell"
1466001330,19211612,688.3,0.05,"bitfinex","sell"
1466001350,19211616,688.35,1.97341813,"bitfinex","buy"
1466001377,19211618,688.31,0.1,"bitfinex","sell"
1466001400,19211620,688.21,2.55582673,"bitfinex","buy"
1466001409,19211622,688.29,0.5,"bitfinex","buy"
1466001429,19211626,688.34,1,"bitfinex","buy"
1466001433,19211628,688.29,2,"bitfinex","buy"
1466001453,19211630,688.28,7.2366,"bitfinex","buy"
1466001499,19211632,688.19,0.5,"bitfinex","sell"
1466001499,19211634,688.22,0.1,"bitfinex","sell"
1466001499,19211636,688.18,6,"bitfinex","sell"
1466001499,19211638,688.17,8.96,"bitfinex","sell"
1466001499,19211640,688.15,0.1,"bitfinex","sell"
1466001499,19211642,688.18,3,"bitfinex","sell"
1466001499,19211644,688.16,0.25,"bitfinex","sell"
1466001499,19211646,688.13,6.09,"bitfinex","sell"
1466001504,19211648,688.19,0.5,"bitfinex","sell"
1466001504,19211650,688.13,21.5,"bitfinex","sell"
1466001504,19211652,688.18,3,"bitfinex","sell"
1466001508,19211654,688.11,0.1,"bitfinex","sell"
1466001508,19211656,688.11,24.9,"bitfinex","sell"
1466001512,19211658,688.01,25,"bitfinex","sell"
1466001513,19211660,688.02,0.10673676,"bitfinex","buy"
1466001513,19211662,688.26,0.89326324,"bitfinex","buy"
1466001517,19211664,688.01,23.66018798,"bitfinex","sell"
1466001517,19211666,688,0.01,"bitfinex","sell"
1466001517,19211668,687.74,1.21206789,"bitfinex","sell"
1466001517,19211670,687.74,0.11774413,"bitfinex","sell"
1466001532,19211672,688.25,1,"bitfinex","buy"
1466001552,19211676,688.09,1,"bitfinex","sell"
1466001552,19211678,688.09,2,"bitfinex","sell"
1466001552,19211680,688.09,0.3,"bitfinex","sell"
1466001569,19211682,688.09,1.75,"bitfinex","sell"
1466001569,19211684,687.8,9.711,"bitfinex","sell"
1466001569,19211686,687.82,0.1,"bitfinex","sell"
1466001569,19211688,688,9.3267,"bitfinex","sell"
1466001569,19211690,687.79,4.1123,"bitfinex","sell"
1466001570,19211692,687.74,0.488,"bitfinex","sell"
1466001574,19211694,687.67,8.6968,"bitfinex","sell"
1466001574,19211696,687.67,2,"bitfinex","sell"
1466001574,19211698,687.67,0.12284577,"bitfinex","sell"
1466001574,19211700,687.74,7.55753211,"bitfinex","sell"
1466001574,19211702,687.46,6.60282212,"bitfinex","sell"
1466001574,19211704,687.61,0.02,"bitfinex","sell"
1466001577,19211706,687.47,0.5,"bitfinex","sell"
1466001577,19211708,687.36,2.55053242,"bitfinex","sell"
1466001577,19211710,687.45,0.13888625,"bitfinex","sell"
1466001577,19211712,687.25,4.98,"bitfinex","sell"
1466001577,19211714,687.26,3,"bitfinex","sell"
1466001577,19211716,687.26,8.7796,"bitfinex","sell"
1466001577,19211718,687.45,0.13888625,"bitfinex","sell"
1466001577,19211720,687.2,4.91209508,"bitfinex","sell"
1466001583,19211722,687.38,3,"bitfinex","sell"
1466001583,19211724,687.39,0.5,"bitfinex","sell"
1466001583,19211726,687.37,6,"bitfinex","sell"
1466001583,19211728,687.37,0.251,"bitfinex","sell"
1466001583,19211730,687.16,5.56,"bitfinex","sell"
1466001583,19211732,687.19,9.2903,"bitfinex","sell"
1466001583,19211734,687.1,0.3987,"bitfinex","sell"
1466001585,19211736,687.38,3,"bitfinex","sell"
1466001585,19211738,687.39,0.5,"bitfinex","sell"
1466001585,19211740,687.06,8.2481,"bitfinex","sell"
1466001585,19211742,687,0.05,"bitfinex","sell"
1466001585,19211744,687.1,0.1013,"bitfinex","sell"
1466001585,19211746,686.94,2.55125543,"bitfinex","sell"
1466001585,19211748,687,0.01,"bitfinex","sell"
1466001585,19211750,686.93,1.03934457,"bitfinex","sell"
1466001585,19211752,687.05,9,"bitfinex","sell"
1466001585,19211754,687,0.5,"bitfinex","sell"
1466001586,19211756,688.02,1,"bitfinex","buy"
1466001587,19211758,687.09,0.8087405,"bitfinex","sell"
1466001589,19211760,687.09,1.74200878,"bitfinex","sell"
1466001589,19211762,687.1,0.5,"bitfinex","sell"
1466001589,19211764,687.07,3,"bitfinex","sell"
1466001589,19211766,686.74,1.82123041,"bitfinex","sell"
1466001589,19211768,686.93,8.03295543,"bitfinex","sell"
1466001589,19211770,686.8,9.3502,"bitfinex","sell"
1466001589,19211772,686.8,0.5324,"bitfinex","sell"
1466001589,19211774,686.85,0.02120538,"bitfinex","sell"
1466001597,19211776,687.97,0.9136,"bitfinex","buy"
1466001597,19211778,687.39,0.0864,"bitfinex","buy"
1466001600,19211780,686.95,0.5,"bitfinex","sell"
1466001600,19211782,686.67,2.55074928,"bitfinex","sell"
1466001600,19211784,686.73,9.6394,"bitfinex","sell"
1466001600,19211786,686.74,6,"bitfinex","sell"
1466001600,19211788,686.61,0.025,"bitfinex","sell"
1466001600,19211790,686.58,2.88485072,"bitfinex","sell"
1466001600,19211792,686.94,3,"bitfinex","sell"
1466001600,19211794,687.02,0.4,"bitfinex","sell"
1466001600,19211796,686.51,0.70475444,"bitfinex","sell"
1466001600,19211798,686.58,6.74474928,"bitfinex","sell"
1466001600,19211800,686.54,2.55049628,"bitfinex","sell"
1466001603,19211802,686.68,0.59015797,"bitfinex","sell"
1466001605,19211804,687.95,1,"bitfinex","buy"
1466001605,19211806,686.68,0.02984203,"bitfinex","sell"
1466001605,19211808,686.51,0.02561772,"bitfinex","sell"
1466001608,19211810,686.47,2.55076735,"bitfinex","sell"
1466001608,19211812,687.03,0.28643,"bitfinex","sell"
1466001608,19211814,686.38,4.16,"bitfinex","sell"
1466001608,19211816,686.38,8.4009,"bitfinex","sell"
1466001608,19211818,686.37,1.33227481,"bitfinex","sell"
1466001608,19211820,686.51,8.26962784,"bitfinex","sell"
1466001611,19211822,686.27,0.88286167,"bitfinex","sell"
1466001611,19211824,686.37,7.26252519,"bitfinex","sell"
1466001611,19211826,686.48,5.23,"bitfinex","sell"
1466001611,19211828,686.29,9.0739,"bitfinex","sell"
1466001611,19211830,686.29,2.55071314,"bitfinex","sell"
1466001613,19211834,686.27,1.66790568,"bitfinex","sell"
1466001613,19211836,686.15,0.147,"bitfinex","sell"
1466001613,19211838,686.07,2.55082158,"bitfinex","sell"
1466001613,19211840,686.14,10,"bitfinex","sell"
1466001613,19211842,686.14,2.55056856,"bitfinex","sell"
1466001613,19211844,686.15,0.67151193,"bitfinex","sell"
1466001613,19211846,686.07,7.41219225,"bitfinex","sell"
1466001614,19211848,687.47,0.5,"bitfinex","buy"
1466001620,19211852,686.27,0.03129357,"bitfinex","sell"
1466001622,19211854,686.27,0.09092612,"bitfinex","sell"
1466001622,19211856,686.27,0.06529652,"bitfinex","sell"
1466001624,19211858,687.46,0.5,"bitfinex","buy"
1466001631,19211864,686.09,6.8,"bitfinex","sell"
1466001631,19211866,686.21,5.07,"bitfinex","sell"
1466001631,19211868,686.22,7.131,"bitfinex","sell"
1466001631,19211870,686.08,5.999,"bitfinex","sell"
1466001636,19211872,686.07,8.3581,"bitfinex","sell"
1466001636,19211874,686.33,4,"bitfinex","sell"
1466001636,19211876,686.05,5.4836,"bitfinex","sell"
1466001636,19211878,686.08,2.9183,"bitfinex","sell"
1466001636,19211880,686.5,0.05,"bitfinex","sell"
1466001636,19211882,686.07,4.19,"bitfinex","sell"
1466001641,19211884,686.23,4.19,"bitfinex","sell"
1466001641,19211886,686.08,5.72,"bitfinex","sell"
1466001641,19211888,686,0.05,"bitfinex","sell"
1466001641,19211890,686.02,0.2,"bitfinex","sell"
1466001641,19211892,686.05,3.5164,"bitfinex","sell"
1466001641,19211894,685.72,4.281,"bitfinex","sell"
1466001641,19211896,686,0.01,"bitfinex","sell"
1466001641,19211898,685.81,7.0326,"bitfinex","sell"
1466001646,19211900,685.66,3,"bitfinex","sell"
1466001646,19211902,685.7,0.09,"bitfinex","sell"
1466001646,19211904,685.53,7.3734,"bitfinex","sell"
1466001646,19211906,685.72,5.0066,"bitfinex","sell"
1466001646,19211908,685.66,0.5,"bitfinex","sell"
1466001646,19211910,685.61,0.03,"bitfinex","sell"
1466001646,19211912,685.55,9,"bitfinex","sell"
1466001651,19211914,685.71,0.48268061,"bitfinex","sell"
1466001654,19211916,685.54,8.8714,"bitfinex","sell"
1466001654,19211918,685.5,0.05,"bitfinex","sell"
1466001654,19211920,685.29,9.1599,"bitfinex","sell"
1466001654,19211922,685.7,4.22,"bitfinex","sell"
1466001654,19211924,685.29,1.75,"bitfinex","sell"
1466001654,19211926,685.28,0.9487,"bitfinex","sell"
1466001678,19211928,685.88,0.06407609,"bitfinex","sell"
1466001681,19211930,685.88,0.02244983,"bitfinex","sell"
1466001681,19211932,686.34,0.084644,"bitfinex","buy"
1466001681,19211934,685.88,0.1,"bitfinex","sell"
1466001683,19211936,685.88,1.47248195,"bitfinex","sell"
1466001685,19211938,685.88,2.34099213,"bitfinex","sell"
1466001685,19211940,685.82,2.5,"bitfinex","sell"
1466001685,19211942,685.7,0.24200787,"bitfinex","sell"
1466001685,19211944,685.71,2.2,"bitfinex","sell"
1466001686,19211946,685.7,0.2,"bitfinex","sell"
1466001687,19211948,686.32,0.5,"bitfinex","buy"
1466001687,19211950,686.32,5,"bitfinex","buy"
1466001689,19211952,686.31,0.5,"bitfinex","buy"
1466001693,19211958,686.3,2,"bitfinex","buy"
1466001702,19211964,685.73,0.5,"bitfinex","sell"
1466001702,19211966,685.72,4.5,"bitfinex","sell"
1466001704,19211968,685.72,0.67,"bitfinex","sell"
1466001704,19211970,685.7,1.51,"bitfinex","sell"
1466001704,19211972,685.3,8.6329,"bitfinex","sell"
1466001704,19211974,685.29,1.75,"bitfinex","sell"
1466001704,19211976,685.66,4,"bitfinex","sell"
1466001704,19211978,685.71,0.98,"bitfinex","sell"
1466001704,19211980,685.29,7.4071,"bitfinex","sell"
1466001704,19211982,685.5,0.05,"bitfinex","sell"
1466001707,19211988,685.27,3.5,"bitfinex","sell"
1466001707,19211990,685.26,20.5,"bitfinex","sell"
1466001712,19211992,685.17,2.55089387,"bitfinex","sell"
1466001712,19211994,685.11,0.057,"bitfinex","sell"
1466001712,19211996,685.11,1.75,"bitfinex","sell"
1466001712,19211998,685.28,2.52,"bitfinex","sell"
1466001712,19212000,685.25,0.26387151,"bitfinex","sell"
1466001712,19212002,685.1,15.85823462,"bitfinex","sell"
1466001712,19212004,685.11,2,"bitfinex","sell"
1466001714,19212006,685.28,0.07292392,"bitfinex","sell"
1466001715,19212008,685.01,2.55089387,"bitfinex","sell"
1466001715,19212010,685,0.01,"bitfinex","sell"
1466001715,19212012,684.94,0.1,"bitfinex","sell"
1466001715,19212014,685.28,2.44707608,"bitfinex","sell"
1466001715,19212016,685,5,"bitfinex","sell"
1466001715,19212018,685,1,"bitfinex","sell"
1466001715,19212020,684.98,2.07,"bitfinex","sell"
1466001715,19212022,684.74,4.96879896,"bitfinex","sell"
1466001715,19212024,685.1,6.74176538,"bitfinex","sell"
1466001715,19212026,685,0.11146571,"bitfinex","sell"
1466001735,19212030,685.44,0.7610748,"bitfinex","sell"
1466001738,19212032,685.86,0.33917071,"bitfinex","buy"
1466001743,19212038,685.86,0.5,"bitfinex","buy"
1466001744,19212040,685.86,6.41452929,"bitfinex","buy"
1466001744,19212042,686.24,2.55263027,"bitfinex","buy"
1466001744,19212044,686.07,2.55263027,"bitfinex","buy"
1466001744,19212046,686.41,2.55263027,"bitfinex","buy"
1466001744,19212048,686.68,4.98683746,"bitfinex","buy"
1466001744,19212050,686.59,2.55261217,"bitfinex","buy"
1466001744,19212052,685.89,2.55263027,"bitfinex","buy"
1466001746,19212054,686.67,0.5,"bitfinex","buy"
1466001752,19212064,686.61,6.5,"bitfinex","buy"
1466001752,19212066,686.62,0.5,"bitfinex","buy"
1466001755,19212068,686.69,6.0408,"bitfinex","sell"
1466001755,19212070,686.69,1.75,"bitfinex","sell"
1466001755,19212072,686.5,0.05,"bitfinex","sell"
1466001759,19212074,685.64,0.08321746,"bitfinex","sell"
1466001761,19212076,685.64,0.03045058,"bitfinex","sell"
1466001763,19212078,685.73,0.01841305,"bitfinex","sell"
1466001767,19212092,686.13,3.2389252,"bitfinex","buy"
1466001780,19212096,686.11,0.31611557,"bitfinex","buy"
1466001780,19212098,686.11,0.01,"bitfinex","buy"
1466001780,19212100,686.13,4.67388443,"bitfinex","buy"
1466001792,19212104,685.72,7.2386,"bitfinex","sell"
1466001792,19212106,686.1,0.05,"bitfinex","sell"
1466001795,19212108,685.71,0.4,"bitfinex","sell"
1466001803,19212114,685.71,0.35,"bitfinex","sell"
1466001803,19212116,685.61,0.1,"bitfinex","sell"
1466001803,19212118,685.67,0.55,"bitfinex","sell"
1466001812,19212120,685.4,0.1,"bitfinex","sell"
1466001812,19212122,685.29,0.53593324,"bitfinex","sell"
1466001812,19212124,685.51,0.1,"bitfinex","sell"
1466001812,19212126,685.6,0.05,"bitfinex","sell"
1466001841,19212128,685.86,3,"bitfinex","buy"
1466001841,19212130,685.86,0.5,"bitfinex","buy"
1466001841,19212132,685.87,1.5,"bitfinex","buy"
1466001863,19212134,685.72,0.1,"bitfinex","buy"
1466001864,19212136,685.6,0.2531,"bitfinex","sell"
1466001879,19212142,685.71,1.5,"bitfinex","buy"
1466001879,19212144,685.7,0.5,"bitfinex","buy"
1466001885,19212148,685.69,3,"bitfinex","buy"
1466001890,19212150,685.88,0.1,"bitfinex","buy"
1466001903,19212160,685.81,8,"bitfinex","buy"
1466001907,19212166,685.81,0.1,"bitfinex","buy"
1466001909,19212168,685.81,0.1,"bitfinex","buy"
1466001911,19212170,685.81,0.1,"bitfinex","buy"
1466001922,19212178,685.81,0.5,"bitfinex","buy"
1466001923,19212180,685.81,0.5,"bitfinex","buy"
1466001930,19212184,685.81,0.1,"bitfinex","buy"
1466001952,19212196,685.83,0.19,"bitfinex","buy"
1466001970,19212200,685.83,0.5,"bitfinex","buy"
1466002000,19212204,685.83,0.044,"bitfinex","buy"
1466002000,19212206,685.83,1,"bitfinex","buy"
1466002011,19212212,685.82,2.54966536,"bitfinex","sell"
1466002011,19212214,685.82,0.05,"bitfinex","sell"
1466002011,19212216,685.82,2.54966536,"bitfinex","sell"
1466002011,19212218,685.82,2.54883497,"bitfinex","sell"
1466002011,19212220,685.82,0.2,"bitfinex","sell"
1466002013,19212222,685.82,0.5,"bitfinex","buy"
1466002013,19212224,685.81,0.034,"bitfinex","sell"
1466002015,19212226,685.81,0.7,"bitfinex","buy"
1466002019,19212228,685.83,6.96666569,"bitfinex","buy"
1466002019,19212230,685.81,4.266,"bitfinex","buy"
1466002019,19212232,685.82,5.22183431,"bitfinex","buy"
1466002022,19212234,685.8,0.2990629,"bitfinex","sell"
1466002024,19212238,685.83,0.5,"bitfinex","buy"
1466002062,19212246,685.88,0.9,"bitfinex","buy"
1466002062,19212248,686.22,0.5592564,"bitfinex","buy"
1466002062,19212250,686.11,0.01,"bitfinex","buy"
1466002068,19212252,686.22,0.49227977,"bitfinex","buy"
1466002070,19212254,686.22,0.01295589,"bitfinex","buy"
1466002072,19212256,686.21,0.01368885,"bitfinex","buy"
1466002073,19212262,686.03,0.01372028,"bitfinex","sell"
1466002085,19212266,686.23,1.77749728,"bitfinex","buy"
1466002089,19212268,686.23,0.49682157,"bitfinex","buy"
1466002092,19212272,686.23,0.01,"bitfinex","buy"
1466002093,19212274,686.23,0.5,"bitfinex","buy"
1466002095,19212276,686.23,0.5,"bitfinex","buy"
1466002101,19212278,686.23,0.021,"bitfinex","buy"
1466002102,19212280,686.23,0.021,"bitfinex","buy"
1466002103,19212282,686.23,0.49410169,"bitfinex","buy"
1466002105,19212284,686.23,0.01,"bitfinex","buy"
1466002107,19212286,686.23,0.49889598,"bitfinex","buy"
1466002109,19212288,686.23,0.01206053,"bitfinex","buy"
1466002109,19212290,686.23,0.15,"bitfinex","buy"
1466002115,19212294,686.23,0.01037891,"bitfinex","buy"
1466002117,19212298,686.23,0.49688858,"bitfinex","buy"
1466002133,19212300,686.23,0.55,"bitfinex","buy"
1466002137,19212302,686.23,0.49053311,"bitfinex","buy"
1466002139,19212304,686.23,0.01441658,"bitfinex","buy"
1466002148,19212306,686.23,0.49042766,"bitfinex","buy"
1466002150,19212308,686.23,0.01344641,"bitfinex","buy"
1466002161,19212314,686.23,0.844259,"bitfinex","buy"
1466002166,19212316,686.22,0.19,"bitfinex","sell"
1466002179,19212318,686.23,0.5,"bitfinex","buy"
1466002181,19212320,686.23,0.5,"bitfinex","buy"
1466002185,19212322,686.23,0.02,"bitfinex","buy"
1466002190,19212324,686.23,2,"bitfinex","buy"
1466002195,19212326,686.23,2,"bitfinex","buy"
1466002209,19212328,686.23,15.9465,"bitfinex","buy"
1466002222,19212330,686.23,4,"bitfinex","buy"
1466002237,19212336,686.23,0.55,"bitfinex","buy"
1466002268,19212338,686.23,5,"bitfinex","buy"
1466002312,19212340,686.23,0.03,"bitfinex","buy"
1466002323,19212342,686.23,3.85,"bitfinex","buy"
1466002325,19212344,686.23,0.03395,"bitfinex","buy"
1466002331,19212348,686.22,0.01,"bitfinex","sell"
1466002331,19212350,686.22,5.94,"bitfinex","sell"
1466002368,19212354,686.22,0.05,"bitfinex","sell"
1466002376,19212356,686.23,5,"bitfinex","buy"
1466002386,19212360,686.22,0.1,"bitfinex","sell"
1466002421,19212364,686.23,0.1,"bitfinex","buy"
1466002421,19212366,686.23,53.1678227,"bitfinex","buy"
1466002426,19212368,686.23,0.72,"bitfinex","sell"
1466002458,19212374,686.73,0.5,"bitfinex","buy"
1466002461,19212376,686.73,0.5,"bitfinex","buy"
1466002503,19212384,686.72,7.234,"bitfinex","buy"
1466002503,19212386,686.7,3.4993,"bitfinex","buy"
1466002503,19212388,686.73,4.2667,"bitfinex","buy"
1466002521,19212392,686.73,0.5,"bitfinex","buy"
1466002522,19212394,686.73,2.3,"bitfinex","buy"
1466002522,19212396,686.73,0.4063,"bitfinex","buy"
1466002531,19212398,686.73,0.09728847,"bitfinex","buy"
1466002562,19212404,686.73,5,"bitfinex","buy"
1466002570,19212406,686.72,0.02918656,"bitfinex","sell"
1466002582,19212410,686.73,5,"bitfinex","buy"
1466002589,19212418,686.73,0.5,"bitfinex","buy"
1466002590,19212420,686.73,1,"bitfinex","buy"
1466002666,19212452,686.73,0.02878621,"bitfinex","buy"
1466002670,19212456,686.73,7,"bitfinex","buy"
1466002687,19212458,686.72,2.55197885,"bitfinex","buy"
1466002687,19212460,686.72,2.44802115,"bitfinex","buy"
1466002701,19212470,686.72,0.1039577,"bitfinex","buy"
1466002701,19212472,686.73,0.3960423,"bitfinex","buy"
1466002704,19212476,686.73,1,"bitfinex","buy"
1466002718,19212478,686.73,0.15745686,"bitfinex","buy"
1466002772,19212484,686.71,0.023,"bitfinex","sell"
1466002791,19212486,686.71,1.02,"bitfinex","sell"
1466002864,19212490,686.7,6.381412,"bitfinex","sell"
1466002864,19212492,686.71,0.794188,"bitfinex","sell"
1466002864,19212494,686.7,8.02,"bitfinex","sell"
1466002869,19212496,686.7,3.6308238,"bitfinex","sell"
1466002869,19212498,685.93,5.2122358,"bitfinex","sell"
1466002869,19212500,686.7,4.7377642,"bitfinex","sell"
1466002869,19212502,686.2,0.05,"bitfinex","sell"
1466002873,19212510,685.5,0.05,"bitfinex","sell"
1466002873,19212512,685.29,0.04,"bitfinex","sell"
1466002873,19212514,685.61,0.1,"bitfinex","sell"
1466002873,19212516,685.28,7.4598,"bitfinex","sell"
1466002873,19212518,685.13,2.3502,"bitfinex","sell"
1466002926,19212522,685.8,1.43779825,"bitfinex","sell"
1466002926,19212524,685.81,0.02851964,"bitfinex","sell"
1466002974,19212538,685.87,0.1,"bitfinex","buy"
1466002974,19212540,685.87,0.5,"bitfinex","buy"
1466003017,19212558,685.95,0.2485,"bitfinex","buy"
1466003017,19212560,686.03,0.2515,"bitfinex","buy"
1466003029,19212562,686.02,0.5,"bitfinex","buy"
1466003077,19212564,686.03,0.4624,"bitfinex","buy"
1466003077,19212566,686.02,0.0376,"bitfinex","buy"
1466003079,19212568,686.03,0.5,"bitfinex","buy"
1466003138,19212586,686.03,0.01113039,"bitfinex","buy"
1466003138,19212590,686.03,0.12487882,"bitfinex","buy"
1466003138,19212592,686.03,0.12487882,"bitfinex","buy"
1466003138,19212596,686.03,0.12487882,"bitfinex","buy"
1466003138,19212600,686.03,0.12487882,"bitfinex","buy"
1466003138,19212602,686.03,0.12487882,"bitfinex","buy"
1466003188,19212606,686.03,0.5,"bitfinex","buy"
1466003271,19212610,686.03,0.2,"bitfinex","buy"
1466003271,19212612,686.03,0.5,"bitfinex","buy"
1466003303,19212618,686.03,0.141097,"bitfinex","buy"
1466003303,19212620,686.03,0.5,"bitfinex","buy"
1466003314,19212624,686.03,2,"bitfinex","buy"
1466003321,19212638,686.03,0.04785526,"bitfinex","buy"
1466003343,19212642,686.03,0.12955618,"bitfinex","buy"
1466003346,19212644,686.03,1.2,"bitfinex","buy"
1466003380,19212654,686.02,0.40390324,"bitfinex","sell"
1466003383,19212656,686.03,0.56793293,"bitfinex","buy"
1466003383,19212658,686.03,2.43206707,"bitfinex","buy"
1466003403,19212660,686.03,0.01,"bitfinex","buy"
1466003422,19212662,686.03,0.5,"bitfinex","buy"
1466003473,19212678,686.02,0.07,"bitfinex","sell"
1466003474,19212680,686.02,0.062734,"bitfinex","sell"
1466003474,19212682,686.02,0.08,"bitfinex","sell"
1466003474,19212684,686.03,3.25,"bitfinex","buy"
1466003536,19212692,686.02,1.5,"bitfinex","sell"
1466003536,19212694,686.02,0.5,"bitfinex","sell"
1466003611,19212696,686.01,1,"bitfinex","sell"
1466003611,19212698,686.01,1,"bitfinex","sell"
1466003636,19212710,685.91,1.854842,"bitfinex","sell"
1466003655,19212720,685.91,2.5,"bitfinex","buy"
1466003659,19212722,685.9,0.05,"bitfinex","sell"
1466003659,19212724,685.9,1.63,"bitfinex","sell"
1466003661,19212726,685.9,0.307496,"bitfinex","sell"
1466003704,19212736,685.8,1,"bitfinex","sell"
1466003704,19212738,685.7,0.05,"bitfinex","sell"
1466003704,19212740,685.71,0.2,"bitfinex","sell"
1466003704,19212742,685.7,3.75,"bitfinex","sell"
1466003724,19212750,685.71,0.281992,"bitfinex","buy"
1466003734,19212752,685.71,1.1,"bitfinex","buy"
1466003738,19212754,685.7,1.23974693,"bitfinex","sell"
1466003738,19212756,685.7,6.25,"bitfinex","sell"
1466003740,19212758,685.51,1.23789653,"bitfinex","buy"
1466003748,19212766,685.5,0.843662,"bitfinex","sell"
1466003769,19212770,685.5,0.134238,"bitfinex","sell"
1466003797,19212772,685.21,0.7531,"bitfinex","buy"
1466003806,19212774,685.21,0.15,"bitfinex","buy"
1466003827,19212776,685.02,0.1,"bitfinex","sell"
1466003827,19212778,685.09,0.01,"bitfinex","sell"
1466003827,19212780,685.2,0.2,"bitfinex","sell"
1466003827,19212782,685.1,0.05,"bitfinex","sell"
1466003827,19212784,685.01,0.19,"bitfinex","sell"
1466003843,19212786,685.01,0.55,"bitfinex","sell"
1466003859,19212788,685.01,2.05,"bitfinex","sell"
1466003884,19212792,685.02,0.144531,"bitfinex","buy"
1466003890,19212794,685.01,0.03796,"bitfinex","sell"
1466003890,19212796,685.01,0.01336918,"bitfinex","sell"
1466003944,19212826,685.02,0.06593885,"bitfinex","buy"
1466003947,19212830,685.02,0.08337529,"bitfinex","buy"
1466003953,19212836,685.02,0.0750266,"bitfinex","buy"
1466003954,19212842,685.01,0.02912913,"bitfinex","sell"
1466003964,19212846,685.01,0.02925516,"bitfinex","sell"
1466003967,19212848,685.02,2.40247475,"bitfinex","buy"
1466003990,19212850,685.03,0.98602167,"bitfinex","buy"
1466003990,19212852,685.02,0.01397833,"bitfinex","buy"
1466004026,19212862,685.03,0.29255163,"bitfinex","sell"
1466004047,19212866,685.02,0.3,"bitfinex","sell"
1466004063,19212870,685.34,7.2484,"bitfinex","buy"
1466004063,19212872,685.03,0.80079944,"bitfinex","buy"
1466004063,19212874,685.35,0.98522074,"bitfinex","buy"
1466004084,19212878,685.03,0.22340162,"bitfinex","buy"
1466004084,19212880,685.13,0.5,"bitfinex","buy"
1466004084,19212882,685.41,1.27659838,"bitfinex","buy"
1466004091,19212884,685.13,0.5,"bitfinex","buy"
1466004100,19212886,685.37,1.5862,"bitfinex","buy"
1466004130,19212888,685.02,0.08337529,"bitfinex","sell"
1466004130,19212890,685.01,0.11867683,"bitfinex","sell"
1466004166,19212904,685.03,0.6815,"bitfinex","buy"
1466004175,19212906,685.02,0.40316109,"bitfinex","sell"
1466004181,19212910,685.03,2.55989078,"bitfinex","buy"
1466004181,19212912,685.03,1.44010922,"bitfinex","buy"
1466004220,19212914,685.05,12.95543216,"bitfinex","buy"
1466004239,19212916,685.05,6.9661,"bitfinex","buy"
1466004239,19212918,685.05,2.62459537,"bitfinex","buy"
1466004294,19212920,685.05,1.8982425,"bitfinex","sell"
1466004295,19212922,685.06,2,"bitfinex","buy"
1466004306,19212924,685.05,6,"bitfinex","sell"
1466004319,19212926,685.06,0.027775,"bitfinex","buy"
1466004333,19212928,685.06,2.53237064,"bitfinex","buy"
1466004333,19212930,685.06,23.87201619,"bitfinex","buy"
1466004418,19212940,685.08,0.04899313,"bitfinex","buy"
1466004428,19212942,685.08,0.1,"bitfinex","buy"
1466004439,19212946,685.25,0.1,"bitfinex","buy"
1466004441,19212948,685.08,0.22494443,"bitfinex","buy"
1466004445,19212950,685.25,0.257247,"bitfinex","buy"
1466004455,19212952,685.26,5.82993543,"bitfinex","buy"
1466004455,19212954,685.5,2.86006457,"bitfinex","buy"
1466004455,19212956,685.49,1.31,"bitfinex","buy"
1466004476,19212958,685.5,0.1,"bitfinex","buy"
1466004493,19212960,685.48,7.2685,"bitfinex","buy"
1466004493,19212962,685.49,1.31,"bitfinex","buy"
1466004493,19212964,685.3,0.0132655,"bitfinex","buy"
1466004493,19212966,685.5,18.1182345,"bitfinex","buy"
1466004509,19212968,685.5,3.92170093,"bitfinex","buy"
1466004526,19212972,685.55,0.6571485,"bitfinex","buy"
1466004526,19212974,685.51,0.0928515,"bitfinex","buy"
1466004540,19212976,685.63,0.2867365,"bitfinex","buy"
1466004540,19212978,685.53,0.0132635,"bitfinex","buy"
1466004542,19212980,685.65,1.29537314,"bitfinex","buy"
1466004566,19212984,685.65,0.04015655,"bitfinex","buy"
1466004579,19212986,685.52,2.55950857,"bitfinex","buy"
1466004579,19212988,685.52,2.55950857,"bitfinex","buy"
1466004579,19212990,685.59,3.14838286,"bitfinex","buy"
1466004579,19212992,685.58,7.8126,"bitfinex","buy"
1466004580,19212994,685.64,2.55945398,"bitfinex","buy"
1466004580,19212996,685.59,3,"bitfinex","buy"
1466004595,19213014,685.67,0.0369834,"bitfinex","buy"
1466004601,19213016,685.66,0.29932273,"bitfinex","sell"
1466004607,19213020,685.67,0.08329626,"bitfinex","buy"
1466004608,19213022,685.67,0.08329626,"bitfinex","buy"
1466004686,19213048,685.67,0.084739,"bitfinex","buy"
1466004711,19213060,685.7,0.02,"bitfinex","buy"
1466004715,19213062,685.8,0.01,"bitfinex","buy"
1466004715,19213064,685.81,1e-04,"bitfinex","buy"
1466004741,19213070,685.81,0.82246607,"bitfinex","buy"
1466004755,19213074,685.84,0.22943532,"bitfinex","sell"
1466004792,19213080,686.48,0.62,"bitfinex","buy"
1466004792,19213082,686.47,0.5,"bitfinex","buy"
1466004792,19213084,686.48,1.8,"bitfinex","buy"
1466004792,19213086,685.9,0.08,"bitfinex","buy"
1466004794,19213088,686.47,1,"bitfinex","buy"
1466004799,19213090,686.5,0.140087,"bitfinex","buy"
1466004806,19213092,686.5,0.160085,"bitfinex","buy"
1466004843,19213094,686.66,0.074,"bitfinex","buy"
1466004843,19213096,686.6,0.01,"bitfinex","buy"
1466004863,19213098,686.73,23.5734588,"bitfinex","buy"
1466004863,19213100,686.72,1.4265412,"bitfinex","buy"
1466004870,19213102,686.73,50,"bitfinex","buy"
1466004871,19213104,686.73,3.6234,"bitfinex","buy"
1466004884,19213108,686.73,9.15056736,"bitfinex","buy"
1466004891,19213110,686.83,10,"bitfinex","buy"
1466004893,19213112,687,1.46082953,"bitfinex","buy"
1466004894,19213114,687,3.53917047,"bitfinex","buy"
1466004894,19213116,687.03,0.1,"bitfinex","buy"
1466004894,19213118,687.6,4.36082953,"bitfinex","buy"
1466004905,19213120,687.59,15.9353,"bitfinex","buy"
1466004905,19213122,687.7,0.01,"bitfinex","buy"
1466004905,19213124,688,0.1468601,"bitfinex","buy"
1466004905,19213126,687.85,6.9465,"bitfinex","buy"
1466004948,19213132,688,0.11387421,"bitfinex","sell"
1466004948,19213134,688,1.58612579,"bitfinex","sell"
1466004951,19213138,688,0.2,"bitfinex","sell"
1466004979,19213142,688.16,0.5,"bitfinex","buy"
1466004979,19213144,688.16,0.00585916,"bitfinex","buy"
1466004979,19213146,688.08,0.2308,"bitfinex","buy"
1466004979,19213148,688.01,0.02,"bitfinex","buy"
1466004987,19213150,688.12,0.282598,"bitfinex","buy"
1466005006,19213152,688.06,7.2256,"bitfinex","buy"
1466005009,19213154,688.11,2.6582,"bitfinex","buy"
1466005016,19213156,688.33,2.4,"bitfinex","buy"
1466005025,19213160,688.31,0.5,"bitfinex","buy"
1466005025,19213162,688.31,3.5,"bitfinex","buy"
1466005028,19213164,688.3,3,"bitfinex","buy"
1466005028,19213166,688.33,0.9226,"bitfinex","buy"
1466005028,19213168,688.3,7.5774,"bitfinex","buy"
1466005028,19213170,688.31,2.5,"bitfinex","buy"
1466005028,19213172,688.31,6,"bitfinex","buy"
1466005028,19213174,688.29,0.5,"bitfinex","buy"
1466005028,19213176,688.33,3.818,"bitfinex","buy"
1466005035,19213178,688.57,0.5,"bitfinex","buy"
1466005036,19213180,688.57,6.5857,"bitfinex","buy"
1466005039,19213182,688.57,0.27939136,"bitfinex","sell"
1466005049,19213184,688.58,0.04869237,"bitfinex","buy"
1466005064,19213186,688.58,2.54887106,"bitfinex","buy"
1466005064,19213188,688.58,2.16112894,"bitfinex","buy"
1466005089,19213190,688.58,0.0347444,"bitfinex","buy"
1466005150,19213192,688.58,0.55,"bitfinex","buy"
1466005150,19213194,688.58,5,"bitfinex","buy"
1466005174,19213200,688.58,0.01,"bitfinex","buy"
1466005174,19213202,688.58,0.99,"bitfinex","buy"
1466005175,19213204,688.58,0.40639,"bitfinex","buy"
1466005195,19213206,688.59,20,"bitfinex","buy"
1466005211,19213210,688.58,0.02096346,"bitfinex","sell"
1466005211,19213212,688.57,0.10370374,"bitfinex","sell"
1466005213,19213220,688.57,0.1169049,"bitfinex","sell"
1466005229,19213246,688.07,0.12475809,"bitfinex","sell"
1466005234,19213254,688.07,0.12475809,"bitfinex","sell"
1466005237,19213264,688.07,0.12475809,"bitfinex","sell"
1466005239,19213272,688.07,0.09815063,"bitfinex","sell"
1466005241,19213274,688.07,0.09815063,"bitfinex","sell"
1466005241,19213280,688.07,0.12475809,"bitfinex","sell"
1466005243,19213282,688.51,1,"bitfinex","buy"
1466005244,19213288,688.07,0.02238695,"bitfinex","sell"
1466005248,19213296,688.07,0.09810189,"bitfinex","sell"
1466005249,19213302,688.07,0.02659425,"bitfinex","sell"
1466005249,19213306,688.07,2.11,"bitfinex","sell"
1466005252,19213310,688.05,0.09814085,"bitfinex","sell"
1466005255,19213320,688.05,0.09800957,"bitfinex","sell"
1466005264,19213340,688.05,3.33,"bitfinex","sell"
1466005265,19213350,688.05,0.12476172,"bitfinex","sell"
1466005278,19213364,688.05,0.5,"bitfinex","sell"
1466005282,19213374,688.43,0.08626174,"bitfinex","buy"
1466005288,19213380,688.57,0.5,"bitfinex","buy"
1466005305,19213388,688.57,0.19,"bitfinex","sell"
1466005314,19213392,688.56,0.5,"bitfinex","buy"
1466005314,19213394,688.57,0.06,"bitfinex","buy"
1466005319,19213396,688.56,1,"bitfinex","buy"
1466005314,19213398,688.57,0.44,"bitfinex","buy"
1466005351,19213408,688.07,0.25,"bitfinex","sell"
1466005351,19213410,688.52,1,"bitfinex","buy"
1466005397,19213422,688.05,0.09845481,"bitfinex","sell"
1466005431,19213432,688.4,0.03,"bitfinex","buy"
1466005431,19213434,688.3,0.03,"bitfinex","buy"
1466005431,19213436,688.2,0.01,"bitfinex","buy"
1466005431,19213440,688.43,4.93,"bitfinex","buy"
1466005437,19213444,688.07,0.5,"bitfinex","sell"
1466005437,19213446,688.05,2.5,"bitfinex","sell"
1466005437,19213448,688.06,3,"bitfinex","sell"
1466005442,19213452,688.45,1.05,"bitfinex","buy"
1466005457,19213458,688.37,7.243,"bitfinex","buy"
1466005477,19213462,688.36,0.01,"bitfinex","sell"
1466005490,19213466,688.05,1.58050147,"bitfinex","sell"
1466005490,19213468,688.36,0.01949853,"bitfinex","sell"
1466005507,19213474,688.05,0.02,"bitfinex","sell"
1466005523,19213480,688.39,0.593173,"bitfinex","buy"
1466005546,19213488,688.08,0.28980277,"bitfinex","sell"
1466005561,19213490,688.1,0.0393,"bitfinex","buy"
1466005565,19213492,688.33,0.25,"bitfinex","buy"
1466005578,19213494,688.08,0.5,"bitfinex","sell"
1466005578,19213496,688.07,2.10954418,"bitfinex","sell"
1466005578,19213498,688.1,0.2107,"bitfinex","sell"
1466005597,19213500,688.33,4,"bitfinex","buy"
1466005605,19213502,688.08,0.09314027,"bitfinex","sell"
1466005607,19213504,688.08,0.02961555,"bitfinex","sell"
1466005645,19213532,688.1,0.02946903,"bitfinex","buy"
1466005645,19213534,688.4,0.02,"bitfinex","buy"
1466005645,19213536,688.4,0.03,"bitfinex","buy"
1466005645,19213538,688.4,0.03933,"bitfinex","buy"
1466005684,19213560,688.41,0.25,"bitfinex","sell"
1466005684,19213562,688.41,0.25,"bitfinex","sell"
1466005684,19213564,688.4,0.31186497,"bitfinex","sell"
1466005716,19213604,688.34,0.09756894,"bitfinex","sell"
1466005730,19213630,688.07,2.81256894,"bitfinex","sell"
1466005730,19213632,688.34,0.25,"bitfinex","sell"
1466005730,19213634,688.08,0.5,"bitfinex","sell"
1466005730,19213636,688.33,0.035,"bitfinex","sell"
1466005730,19213638,688.34,0.15243106,"bitfinex","sell"
1466005730,19213640,688.08,0.25,"bitfinex","sell"
1466005732,19213642,688.36,0.25,"bitfinex","buy"
1466005780,19213672,688.36,1.19,"bitfinex","buy"
1466005780,19213676,688.46,7.2256,"bitfinex","buy"
1466005780,19213678,688.47,1.5544,"bitfinex","buy"
1466005780,19213680,688.4,0.03,"bitfinex","buy"
1466005788,19213686,688.47,3,"bitfinex","buy"
1466005788,19213688,688.47,0.32,"bitfinex","buy"
1466005796,19213690,688.46,1,"bitfinex","buy"
1466005803,19213696,688.46,5,"bitfinex","buy"
1466005819,19213706,688.45,1,"bitfinex","buy"
1466005830,19213708,688.47,0.5,"bitfinex","buy"
1466005831,19213710,688.45,0.25,"bitfinex","sell"
1466005831,19213712,688.46,0.25,"bitfinex","sell"
1466005834,19213714,688.35,0.344259,"bitfinex","buy"
1466005874,19213718,688.47,0.15,"bitfinex","buy"
1466005900,19213720,688.46,0.25,"bitfinex","sell"
1466005900,19213722,688.46,0.25,"bitfinex","sell"
1466005900,19213724,688.46,0.25,"bitfinex","sell"
1466005900,19213726,688.46,0.25,"bitfinex","sell"
1466005900,19213728,688.46,0.2,"bitfinex","sell"
1466005912,19213730,688.48,10,"bitfinex","buy"
1466005912,19213732,688.47,4.4756,"bitfinex","buy"
1466005912,19213734,688.5,2.3903,"bitfinex","buy"
1466005918,19213736,688.5,13.3155,"bitfinex","buy"
1466005922,19213738,688.5,0.2942,"bitfinex","buy"
1466005925,19213740,688.6,12.1323556,"bitfinex","buy"
1466005930,19213742,688.74,0.4317987,"bitfinex","sell"
1466005931,19213744,688.74,0.0682013,"bitfinex","sell"
1466005931,19213746,688.74,0.13923612,"bitfinex","sell"
1466005931,19213748,688.74,0.15229551,"bitfinex","sell"
1466005942,19213750,688.9,0.02,"bitfinex","buy"
1466005942,19213752,689,0.049,"bitfinex","buy"
1466005942,19213754,688.78,0.0526,"bitfinex","buy"
1466005942,19213756,688.89,0.475288,"bitfinex","buy"
1466005942,19213758,689,2,"bitfinex","buy"
1466005942,19213760,689,2.403112,"bitfinex","buy"
1466005943,19213762,689,3,"bitfinex","buy"
1466005944,19213764,689,0.31,"bitfinex","buy"
1466005949,19213766,689,2,"bitfinex","buy"
1466005949,19213768,689,3.097634,"bitfinex","buy"
1466005949,19213770,689.23,5,"bitfinex","buy"
1466005949,19213772,689.5,0.05,"bitfinex","buy"
1466005949,19213774,689.26,9,"bitfinex","buy"
1466005949,19213776,689,2.286888,"bitfinex","buy"
1466005949,19213778,689.5,14.165478,"bitfinex","buy"
1466005949,19213780,689.05,6.4,"bitfinex","buy"
1466005953,19213782,690,0.01,"bitfinex","buy"
1466005953,19213784,690,10,"bitfinex","buy"
1466005953,19213786,690,2,"bitfinex","buy"
1466005953,19213788,689.5,10.834522,"bitfinex","buy"
1466005953,19213790,689.52,2.11,"bitfinex","buy"
1466005956,19213792,690.01,0.026,"bitfinex","sell"
1466005963,19213794,690.35,1,"bitfinex","buy"
1466005963,19213796,690.02,0.13500787,"bitfinex","sell"
1466005963,19213798,690.03,0.06499213,"bitfinex","sell"
1466005968,19213800,690.33,1,"bitfinex","buy"
1466005970,19213802,690.39,1,"bitfinex","buy"
1466005972,19213820,690.39,1,"bitfinex","buy"
1466005973,19213822,690.04,0.06499213,"bitfinex","sell"
1466005973,19213824,690.03,0.02208657,"bitfinex","sell"
1466005974,19213826,690.38,7.2253,"bitfinex","buy"
1466005974,19213828,690.5,5,"bitfinex","buy"
1466005974,19213830,691,5,"bitfinex","buy"
1466005974,19213832,690.88,7.3411,"bitfinex","buy"
1466005974,19213834,690.99,7.0371,"bitfinex","buy"
1466005974,19213836,691,0.01,"bitfinex","buy"
1466005974,19213838,691.15,1.36533703,"bitfinex","buy"
1466005974,19213840,691,0.02116297,"bitfinex","buy"
1466005974,19213842,690.39,7,"bitfinex","buy"
1466005982,19213844,691.39,7.719,"bitfinex","buy"
1466005982,19213846,691.15,6.37976297,"bitfinex","buy"
1466005982,19213848,691.56,2.88,"bitfinex","buy"
1466005982,19213850,691.97,2.53803528,"bitfinex","buy"
1466005982,19213852,691.86,7.9142,"bitfinex","buy"
1466005982,19213854,691.6,7.7893,"bitfinex","buy"
1466005982,19213856,691.6,0.5,"bitfinex","buy"
1466005982,19213858,691.96,0.47062668,"bitfinex","buy"
1466005982,19213860,692,3.5,"bitfinex","buy"
1466005982,19213862,692,0.30907507,"bitfinex","buy"
1466005984,19213864,691.87,0.61,"bitfinex","buy"
1466005987,19213870,691.14,31.3277,"bitfinex","buy"
1466005987,19213872,691.86,0.9732,"bitfinex","buy"
1466005987,19213874,691.85,7.6991,"bitfinex","buy"
1466005991,19213876,691.12,0.01,"bitfinex","sell"
1466005996,19213878,692,0.998,"bitfinex","buy"
1466005996,19213880,691.99,7.2195,"bitfinex","buy"
1466005996,19213882,692,3.14031153,"bitfinex","buy"
1466005996,19213884,692,0.01,"bitfinex","buy"
1466005996,19213886,692,13.38782065,"bitfinex","buy"
1466005997,19213888,692,11.61217935,"bitfinex","buy"
1466005997,19213890,692.11,0.26360763,"bitfinex","buy"
1466005997,19213892,692.2,2.53801738,"bitfinex","buy"
1466005997,19213894,692.1,0.26,"bitfinex","buy"
1466005997,19213896,692.18,2.53,"bitfinex","buy"
1466005997,19213898,692.13,5.21,"bitfinex","buy"
1466005997,19213900,692,2.09,"bitfinex","buy"
1466005997,19213902,692.35,0.49619564,"bitfinex","buy"
1466006000,19213904,691.13,0.01699754,"bitfinex","sell"
1466006002,19213908,691.13,0.01699754,"bitfinex","sell"
1466006003,19213910,692.3,0.01699754,"bitfinex","sell"
1466006004,19213916,692.3,0.0571,"bitfinex","sell"
1466006004,19213918,692.3,0.01590246,"bitfinex","sell"
1466006004,19213922,692.3,0.01,"bitfinex","sell"
1466006008,19213932,692.47,5,"bitfinex","buy"
1466006008,19213934,691.62,0.0349186,"bitfinex","sell"
1466006009,19213936,691.62,0.0349186,"bitfinex","sell"
1466006009,19213940,691.62,0.0349186,"bitfinex","sell"
1466006010,19213942,691.62,0.0349186,"bitfinex","sell"
1466006011,19213944,691.62,0.5,"bitfinex","sell"
1466006011,19213946,691.62,1.6396744,"bitfinex","sell"
1466006011,19213948,691.62,2.8603256,"bitfinex","sell"
1466006012,19213950,691.63,0.057,"bitfinex","sell"
1466006017,19213958,692.48,2,"bitfinex","buy"
1466006017,19213960,691.81,0.057,"bitfinex","sell"
1466006022,19213970,691.82,0.42402937,"bitfinex","sell"
1466006025,19213976,691.83,0.1,"bitfinex","sell"
1466006028,19213982,692.47,0.04,"bitfinex","buy"
1466006028,19213984,692.46,0.1,"bitfinex","buy"
1466006028,19213986,691.98,0.5,"bitfinex","buy"
1466006028,19213988,692.48,3.36,"bitfinex","buy"
1466006029,19213990,692.64,2,"bitfinex","buy"
1466006029,19213992,692.02,2.2,"bitfinex","sell"
1466006029,19213994,692.49,0.1,"bitfinex","buy"
1466006029,19213996,692.49,0.1,"bitfinex","buy"
1466006029,19213998,692.49,0.5,"bitfinex","buy"
1466006030,19214000,692.02,0.057,"bitfinex","sell"
1466006029,19214002,692.5,0.01,"bitfinex","buy"
1466006029,19214004,692.67,2.29,"bitfinex","buy"
1466006029,19214006,692.64,5,"bitfinex","buy"
1466006034,19214008,692.67,0.7764,"bitfinex","buy"
1466006034,19214010,692.67,2.71,"bitfinex","buy"
1466006040,19214020,692.67,4.2236,"bitfinex","buy"
1466006040,19214022,693.09,2.8,"bitfinex","buy"
1466006040,19214024,693,0.1,"bitfinex","buy"
1466006040,19214026,692.66,7.2113,"bitfinex","buy"
1466006040,19214028,693,3.1347471,"bitfinex","buy"
1466006040,19214030,692.99,6.9323,"bitfinex","buy"
1466006040,19214032,693.07,8.3039,"bitfinex","buy"
1466006040,19214034,692.78,0.25,"bitfinex","buy"
1466006040,19214036,693.32,7.9162,"bitfinex","buy"
1466006040,19214038,693.29,0.1,"bitfinex","buy"
1466006040,19214040,693.4,1,"bitfinex","buy"
1466006040,19214042,693,0.01,"bitfinex","buy"
1466006040,19214044,692.46,0.1,"bitfinex","buy"
1466006040,19214046,693.43,1,"bitfinex","buy"
1466006040,19214048,691.98,0.0571,"bitfinex","sell"
1466006040,19214050,693.56,4.19927174,"bitfinex","buy"
1466006040,19214052,693,0.15,"bitfinex","buy"
1466006044,19214056,691.97,0.01,"bitfinex","sell"
1466006046,19214058,692.65,0.2854,"bitfinex","buy"
1466006048,19214062,693.69,0.1,"bitfinex","buy"
1466006048,19214064,693.75,2.5,"bitfinex","buy"
1466006048,19214066,693.81,10,"bitfinex","buy"
1466006048,19214068,693.1,0.45,"bitfinex","buy"
1466006048,19214070,693.87,0.01,"bitfinex","buy"
1466006048,19214072,693.69,0.1,"bitfinex","buy"
1466006048,19214074,693.9,1.00694185,"bitfinex","buy"
1466006048,19214076,693.69,0.25615815,"bitfinex","buy"
1466006050,19214080,692.76,0.1,"bitfinex","buy"
1466006051,19214082,692.66,0.057,"bitfinex","sell"
1466006053,19214088,693.89,7.186,"bitfinex","buy"
1466006053,19214092,694.22,0.0153,"bitfinex","buy"
1466006053,19214094,694.29,0.1053,"bitfinex","buy"
1466006053,19214096,694,4,"bitfinex","buy"
1466006053,19214098,694,2,"bitfinex","buy"
1466006053,19214100,694.1,5,"bitfinex","buy"
1466006053,19214102,694,0.01,"bitfinex","buy"
1466006053,19214104,693.9,10.99305815,"bitfinex","buy"
1466006053,19214106,694,0.2,"bitfinex","buy"
1466006053,19214108,694,1.46423817,"bitfinex","buy"
1466006053,19214110,694.4,109.02610368,"bitfinex","buy"
1466006053,19214112,692.95,0.5,"bitfinex","buy"
1466006054,19214114,694.39,0.01900653,"bitfinex","buy"
1466006054,19214116,694.4,59.98099347,"bitfinex","buy"
1466006055,19214120,692.93,0.01,"bitfinex","sell"
1466006056,19214122,692.93,0.057,"bitfinex","sell"
1466006057,19214138,694.4,30,"bitfinex","buy"
1466006059,19214140,694.4,7.0857,"bitfinex","buy"
1466006063,19214144,693.76,0.1,"bitfinex","buy"
1466006065,19214150,693.76,0.057,"bitfinex","sell"
1466006066,19214152,693.77,3,"bitfinex","sell"
1466006066,19214156,693.77,0.5,"bitfinex","sell"
1466006066,19214158,693.01,2.52725575,"bitfinex","sell"
1466006066,19214160,693.1,6,"bitfinex","sell"
1466006066,19214162,693.09,2.52777037,"bitfinex","sell"
1466006066,19214164,693.09,6.5651,"bitfinex","sell"
1466006066,19214166,694.06,2.020808,"bitfinex","sell"
1466006066,19214168,692.65,6.68813135,"bitfinex","sell"
1466006066,19214170,693.76,3.1453,"bitfinex","sell"
1466006067,19214172,694.39,0.15,"bitfinex","buy"
1466006066,19214174,692.68,0.49837878,"bitfinex","sell"
1466006066,19214176,693.6,2.52725575,"bitfinex","sell"
1466006068,19214178,693.88,0.057,"bitfinex","sell"
1466006069,19214180,693.88,0.01,"bitfinex","sell"
1466006069,19214182,694.39,5,"bitfinex","buy"
1466006069,19214184,694.39,0.4,"bitfinex","buy"
1466006073,19214186,693.89,0.162,"bitfinex","sell"
1466006081,19214196,693.89,0.057,"bitfinex","sell"
1466006082,19214198,693.89,0.09,"bitfinex","sell"
1466006087,19214200,693.89,0.01,"bitfinex","sell"
1466006088,19214202,693.89,0.015,"bitfinex","sell"
1466006092,19214204,693.89,0.01,"bitfinex","sell"
1466006094,19214206,693.34,0.0569,"bitfinex","sell"
1466006096,19214210,693.3,1.55,"bitfinex","sell"
1466006098,19214212,692.92,1.72398556,"bitfinex","sell"
1466006098,19214214,693.3,0.97601444,"bitfinex","sell"
1466006099,19214216,693.88,9.223,"bitfinex","buy"
1466006099,19214220,693.57,0.4383,"bitfinex","buy"
1466006101,19214222,693.89,0.15,"bitfinex","sell"
1466006100,19214224,693.89,0.162,"bitfinex","sell"
1466006102,19214226,693.89,0.0569,"bitfinex","sell"
1466006103,19214230,693.89,0.1,"bitfinex","sell"
1466006104,19214232,693.89,0.05,"bitfinex","sell"
1466006103,19214234,693.9,0.011,"bitfinex","sell"
1466006107,19214236,693.9,0.0569,"bitfinex","sell"
1466006109,19214238,693.91,0.5111,"bitfinex","sell"
1466006113,19214240,693.89,17.1298,"bitfinex","sell"
1466006113,19214242,693,5,"bitfinex","buy"
1466006115,19214244,692.93,0.1,"bitfinex","sell"
1466006117,19214246,693,0.01,"bitfinex","buy"
1466006123,19214250,692.95,0.162,"bitfinex","sell"
1466006124,19214254,692.95,0.0569,"bitfinex","sell"
1466006124,19214256,692.94,0.0269,"bitfinex","sell"
1466006124,19214258,692.95,0.2811,"bitfinex","sell"
1466006125,19214260,692.94,2,"bitfinex","sell"
1466006126,19214262,693,7.3,"bitfinex","buy"
1466006137,19214264,692.83,0.162,"bitfinex","sell"
1466006139,19214268,692.83,0.057,"bitfinex","sell"
1466006140,19214270,692.84,2,"bitfinex","sell"
1466006148,19214272,692.85,0.0569,"bitfinex","sell"
1466006149,19214274,692.85,5.5569,"bitfinex","sell"
1466006149,19214276,692.85,0.4431,"bitfinex","sell"
1466006152,19214278,692.85,0.0569,"bitfinex","sell"
1466006158,19214280,692.87,3,"bitfinex","sell"
1466006158,19214282,692.85,1.7594614,"bitfinex","sell"
1466006158,19214284,692.88,0.5,"bitfinex","sell"
1466006160,19214286,692.85,0.05,"bitfinex","sell"
1466006164,19214288,692.86,0.5,"bitfinex","sell"
1466006164,19214290,692.85,0.22205294,"bitfinex","sell"
1466006176,19214292,692.97,0.33,"bitfinex","buy"
1466006179,19214294,692.63,0.0569,"bitfinex","sell"
1466006182,19214296,692.7,0.3,"bitfinex","sell"
1466006186,19214298,692.7,0.0569,"bitfinex","sell"
1466006186,19214300,692.7,2.17014287,"bitfinex","sell"
1466006186,19214302,692.63,0.32985713,"bitfinex","sell"
1466006186,19214304,692.63,2.14028574,"bitfinex","sell"
1466006186,19214306,692.53,0.60971426,"bitfinex","sell"
1466006190,19214308,692.53,0.3,"bitfinex","sell"
1466006190,19214310,692.95,0.69,"bitfinex","buy"
1466006191,19214312,692.95,1.270984,"bitfinex","buy"
1466006206,19214316,692.33,0.057,"bitfinex","sell"
1466006208,19214318,692.33,1.70370913,"bitfinex","sell"
1466006212,19214320,692.33,0.057,"bitfinex","sell"
1466006219,19214322,692.33,0.3,"bitfinex","sell"
1466006219,19214326,692.33,0.057,"bitfinex","sell"
1466006219,19214328,692.33,5,"bitfinex","sell"
1466006222,19214330,692.63,7.2032,"bitfinex","buy"
1466006222,19214332,692.67,0.01385673,"bitfinex","buy"
1466006222,19214334,692.67,8.8557,"bitfinex","buy"
1466006222,19214336,692.7,3.89943191,"bitfinex","buy"
1466006222,19214338,692.69,0.01390741,"bitfinex","buy"
1466006222,19214340,692.69,0.01390395,"bitfinex","buy"
1466006223,19214342,692.62,0.02,"bitfinex","buy"
1466006228,19214344,692.1,0.12180913,"bitfinex","sell"
1466006228,19214346,692.33,0.37819087,"bitfinex","sell"
1466006228,19214348,692.1,0.057,"bitfinex","sell"
1466006231,19214350,692.67,0.057,"bitfinex","sell"
1466006233,19214352,692.67,0.1,"bitfinex","sell"
1466006236,19214354,692.7,0.01,"bitfinex","buy"
1466006236,19214358,692.67,0.162,"bitfinex","sell"
1466006246,19214362,692.1,0.01,"bitfinex","sell"
1466006246,19214364,692.1,6,"bitfinex","sell"
1466006252,19214366,692.67,0.01,"sell"
1466006253,19214368,692.67,0.163,"sell"
1466006254,19214372,692.67,2.4,"sell"
1466006257,19214374,692,0.01,"sell"
1466006262,19214376,692,0.01,"sell"
1466006266,19214378,692.1,0.01,"sell"
1466006272,19214380,692.1,0.01,"sell"
1466006273,19214382,692.1,0.01,"sell"
1466006277,19214384,692,0.01,"sell"
1466006277,19214386,692,0.024,"sell"
1466006282,19214388,691.8,0.1,"sell"
1466006285,19214392,692,0.166,"buy"
1466006296,19214396,691.36,0.163,"sell"
1466006299,19214398,692.1,0.8,"buy"
1466006299,19214400,692.35,2.5039,"buy"
1466006299,19214402,692.1,3,"buy"
1466006299,19214404,692.35,0.5,"buy"
1466006308,19214406,692,0.1,"sell"
1466006310,19214408,692,4.81,"sell"
1466006310,19214410,692,2.75,"sell"
1466006313,19214420,691.11,0.5,"sell"
1466006318,19214424,691.11,0.01619457,"sell"
1466006330,19214426,691,0.08249567,"sell"
1466006348,19214432,690.54,2.53257168,"sell"
1466006348,19214434,690.54,7.6514,"sell"
1466006348,19214436,690.66,7.7191,"sell"
1466006348,19214438,691,2.91750433,"sell"
1466006348,19214440,690.2,2.53257168,"sell"
1466006348,19214442,690.17,2.53209073,"sell"
1466006348,19214444,690.13,0.29769267,"sell"
1466006348,19214446,690.39,7.2376,"sell"
1466006348,19214448,690.3,2.53405131,"sell"
1466006348,19214450,690.3,0.8,"sell"
1466006348,19214454,690.99,1,"sell"
1466006348,19214456,690.18,2.53324889,"sell"
1466006356,19214458,691,5,"sell"
1466006377,19214460,690.41,8.3901,"sell"
1466006377,19214462,690,1.6099,"sell"
1466006389,19214466,690.42,0.07336031,"buy"
1466006389,19214468,690.49,2.38743969,"buy"
1466006389,19214470,690.47,0.44,"buy"
1466006398,19214472,690.49,0.05,"buy"
1466006405,19214474,690.5,5,"buy"
1466006422,19214478,690.5,2.5,"buy"
1466006422,19214480,690.48,0.5,"buy"
1466006422,19214482,690.49,3,"buy"
1466006424,19214484,690.5,3.5,"buy"
1466006424,19214486,690.48,0.5,"buy"
1466006430,19214488,690.49,0.1,"buy"
1466006431,19214490,690.44,0.65,"sell"
1466006430,19214492,690.5,2.9,"buy"
1466006431,19214494,690.5,1.1,"buy"
1466006432,19214496,690.56,0.01,"buy"
1466006443,19214498,690.68,0.01,"buy"
1466006443,19214500,690.68,2,"buy"
1466006483,19214506,691.31,5,"buy"
1466006507,19214512,691.64,0.9,"sell"
1466006508,19214514,691.94,3.4462,"buy"
1466006510,19214516,691.96,0.02929,"buy"
1466006524,19214518,691.81,2,"buy"
1466006535,19214520,691.96,15.6171,"buy"
1466006537,19214522,691.96,9.35361,"buy"
1466006537,19214524,691.99,7.1811,"buy"
1466006537,19214526,692,1.58469,"buy"
1466006540,19214528,692,18.8261,"buy"
1466006543,19214530,692,0.7,"buy"
1466006544,19214532,692,3.88921,"buy"
1466006547,19214534,692.51,4.99,"buy"
1466006547,19214536,692.97,2.5298487,"buy"
1466006547,19214538,692.75,25,"buy"
1466006547,19214540,693,8.4501513,"buy"
1466006547,19214542,692.55,10,"buy"
1466006547,19214544,692.5,3.03,"buy"
1466006548,19214546,693,39.4398,"buy"
1466006552,19214548,693,1.45373,"buy"
1466006552,19214550,692.99,7.2169,"buy"
1466006552,19214552,693.98,6,"buy"
1466006552,19214554,693.35,2.52899564,"buy"
1466006552,19214556,693.04,4.99,"buy"
1466006552,19214558,693.25,2.53118276,"buy"
1466006552,19214560,693.55,2.52871141,"buy"
1466006552,19214562,693.05,2.53118276,"buy"
1466006552,19214564,693.09,2.52899564,"buy"
1466006552,19214566,693,2.1100487,"buy"
1466006552,19214568,693.87,2.52871141,"buy"
1466006552,19214570,693.72,2.52548282,"buy"
1466006552,19214572,693.99,2.52548282,"buy"
1466006552,19214574,694,15.64304331,"buy"
1466006552,19214576,693.48,2.53111158,"buy"
1466006558,19214578,694,0.1523,"buy"
1466006570,19214580,693.44,0.287,"sell"
1466006570,19214582,693.44,0.01,"sell"
1466006574,19214584,693.98,0.05,"sell"
1466006580,19214592,694.7,4,"buy"
1466006580,19214594,694.5,2.5,"buy"
1466006580,19214596,694.75,0.01,"buy"
1466006580,19214598,694,0.5,"buy"
1466006580,19214600,694.08,7.1525,"buy"
1466006580,19214602,694,4.20465669,"buy"
1466006580,19214604,694.69,8.2639,"buy"
1466006580,19214606,694,10,"buy"
1466006580,19214608,694.09,20,"buy"
1466006580,19214610,694.8,25,"buy"
1466006580,19214612,694.88,5,"buy"
1466006580,19214614,694.91,0.015,"buy"
1466006580,19214616,694.99,0.36202229,"buy"
1466006580,19214618,694.76,0.01001,"buy"
1466006580,19214620,694.4,11.50486587,"buy"
1466006580,19214622,694.94,8.0488,"buy"
1466006580,19214624,694.75,2.5,"buy"
1466006580,19214626,694.78,2.00812867,"buy"
1466006580,19214628,694.99,10,"buy"
1466006580,19214630,694.94,0.1,"buy"
1466006580,19214632,694.98,6,"buy"
1466006580,19214634,694.9,1.30206691,"buy"
1466006582,19214636,693.99,0.48727732,"sell"
1466006584,19214638,694.63,0.01,"buy"
1466006587,19214642,694.99,24.63797771,"buy"
1466006587,19214644,694.95,9.1639,"buy"
1466006587,19214646,694.63,8.1952,"buy"
1466006587,19214648,694.96,9.4224,"buy"
1466006587,19214650,695,0.6,"buy"
1466006587,19214652,695,0.01,"buy"
1466006587,19214654,695,1,"buy"
1466006587,19214656,695,95.36365842,"buy"
1466006587,19214658,695,1,"buy"
1466006589,19214666,695,4.63634158,"buy"
1466006589,19214668,695,21.34088978,"buy"
1466006589,19214670,695,0.1,"buy"
1466006589,19214672,695,0.0292,"buy"
1466006589,19214674,695,0.2,"buy"
1466006589,19214676,695,0.7,"buy"
1466006589,19214678,695,0.5,"buy"
1466006593,19214680,694.01,0.1,"sell"
1466006593,19214682,694.87,2,"buy"
1466006595,19214684,694.07,0.1,"sell"
1466006597,19214686,694.07,0.05,"sell"
1466006598,19214690,694.06,2.52403088,"sell"
1466006598,19214692,694.07,0.1,"sell"
1466006598,19214694,694.02,0.5,"sell"
1466006598,19214696,693.86,2.52371238,"sell"
1466006598,19214698,693.75,0.63305674,"sell"
1466006598,19214700,694.07,6.9192,"sell"
1466006600,19214704,694.08,0.1,"sell"
1466006603,19214708,693.75,0.1,"sell"
1466006605,19214716,693.77,0.08619621,"sell"
1466006605,19214718,694.02,0.01380379,"sell"
1466006605,19214722,693.77,0.12373128,"sell"
1466006608,19214728,693.77,0.1,"sell"
1466006611,19214732,693.78,0.25,"sell"
1466006612,19214736,693.78,0.1,"sell"
1466006613,19214738,693.79,0.12373128,"sell"
1466006616,19214740,693.8,0.1,"sell"
1466006620,19214742,694.62,0.1,"buy"
1466006620,19214744,694.94,2.89,"buy"
1466006620,19214746,694.08,0.01,"buy"
1466006624,19214748,693.87,0.5,"sell"
1466006624,19214750,693.86,0.17758539,"sell"
1466006625,19214752,694.9,0.1,"buy"
1466006625,19214754,694.9,0.01,"buy"
1466006636,19214756,693.92,3,"sell"
1466006636,19214758,693.92,0.5,"sell"
1466006636,19214760,693.82,9.878,"sell"
1466006636,19214762,693.82,2,"sell"
1466006636,19214764,693.91,7.1491,"sell"
1466006636,19214766,693.92,6,"sell"
1466006636,19214768,693.71,1.4729,"sell"
1466006643,19214770,693.54,0.4,"sell"
1466006644,19214772,693.54,0.680137,"sell"
1466006650,19214776,693.54,8.0834,"sell"
1466006650,19214778,693.44,2.52550054,"sell"
1466006650,19214780,693.46,7.1678,"sell"
1466006650,19214782,693.39,1.61404453,"sell"
1466006650,19214784,693.54,10.60925493,"sell"
1466006664,19214786,693.66,2,"buy"
1466006667,19214788,693.16,2.52585493,"sell"
1466006667,19214790,693.1,8.1137746,"sell"
1466006667,19214792,693.39,6.83575547,"sell"
1466006667,19214794,692.77,8.7697,"sell"
1466006667,19214796,693.48,2.524615,"sell"
1466006667,19214798,693.49,2.524615,"sell"
1466006667,19214800,692.81,2.52573088,"sell"
1466006667,19214802,693.1,0.9124254,"sell"
1466006667,19214804,693.09,2.52539424,"sell"
1466006667,19214806,693.08,0.1,"sell"
1466006667,19214808,692.6,2.52585493,"sell"
1466006667,19214810,692.48,7.59054867,"sell"
1466006667,19214812,692.99,2.52573088,"sell"
1466006670,19214814,693.46,0.5,"buy"
1466006679,19214816,693.46,0.0889105,"buy"
1466006681,19214822,693.41,0.01,"sell"
1466006682,19214824,693.66,1.4,"buy"
1466006684,19214826,693.41,1.9,"sell"
1466006687,19214828,693.64,5,"buy"
1466006688,19214830,693.69,2,"buy"
1466006688,19214832,694.05,7.2043,"buy"
1466006688,19214834,693.9,0.01,"buy"
1466006688,19214836,693.64,10,"buy"
1466006688,19214838,693.99,0.1,"buy"
1466006688,19214840,694.52,2.52293417,"buy"
1466006688,19214842,694.87,5.03403166,"buy"
1466006688,19214844,694.7,2.52293417,"buy"
1466006687,19214846,693.64,5,"buy"
1466006691,19214848,694.87,17.8172,"buy"
1466006692,19214854,694.31,5,"buy"
1466006703,19214856,694.26,2.51802838,"sell"
1466006703,19214858,694.3,7.8749,"sell"
1466006703,19214860,694.11,7.1913,"sell"
1466006703,19214862,694.1,10.99774324,"sell"
1466006703,19214864,694.3,2.51802838,"sell"
1466006708,19214868,694.68,0.05,"sell"
1466006715,19214870,694.69,0.1026194,"sell"
1466006716,19214872,694.87,2.14876834,"buy"
1466006716,19214874,695,8.15911022,"buy"
1466006716,19214876,695,0.01,"buy"
1466006716,19214878,695,30.15042144,"buy"
1466006716,19214880,695,0.03,"buy"
1466006716,19214882,694.99,7.1917,"buy"
1466006716,19214884,695,0.2,"buy"
1466006716,19214886,694.94,2.11,"buy"
1466006719,19214888,694.7,0.01,"sell"
1466006720,19214890,695,3.5,"buy"
1466006720,19214892,695,0.71,"buy"
1466006720,19214894,695,0.3,"buy"
1466006721,19214896,695,5,"buy"
1466006733,19214898,694.43,0.21646615,"sell"
1466006733,19214900,694.39,2.58853385,"sell"
1466006733,19214902,694.41,7.195,"sell"
1466006733,19214904,694.97,20,"sell"
1466006736,19214906,694.98,5.5,"buy"
1466006737,19214908,694.1,9.00225676,"sell"
1466006737,19214910,694.07,8.5648,"sell"
1466006738,19214912,693.9,0.21646615,"buy"
1466006740,19214914,693.9,5,"buy"
1466006746,19214918,693.79,0.21646615,"sell"
1466006746,19214920,693.78,0.42280091,"sell"
1466006746,19214922,693.9,1.8,"buy"
1466006750,19214924,694.94,7.7534,"buy"
1466006750,19214926,695,1.55759425,"buy"
1466006750,19214928,694.95,7.1644,"buy"
1466006750,19214930,694.98,2.00812866,"buy"
1466006750,19214932,693.9,6.51647709,"buy"
1466006753,19214936,693.9,3,"sell"
1466006761,19214938,694.72,0.5,"buy"
1466006761,19214940,694.72,1.508,"buy"
1466006761,19214942,694.72,3,"buy"
1466006770,19214944,693.67,0.07340897,"sell"
1466006776,19214946,693.65,0.01,"buy"
1466006807,19214954,693.79,1,"sell"
1466006811,19214956,694.05,0.01,"sell"
1466006820,19214960,694.07,20,"buy"
1466006823,19214962,694.07,10.2281,"sell"
1466006823,19214964,694.54,0.1642,"buy"
1466006823,19214966,694.06,3,"sell"
1466006823,19214968,693.74,9.5535,"sell"
1466006823,19214970,693.7,0.0098,"sell"
1466006823,19214972,694.05,9.4746,"sell"
1466006823,19214974,694.06,6,"sell"
1466006823,19214976,694.06,0.5,"sell"
1466006823,19214978,693.58,1.51808525,"sell"
1466006823,19214980,693.74,2.51931475,"sell"
1466006823,19214982,694.06,7.1966,"sell"
1466006827,19214984,693.74,1.2778,"sell"
1466006833,19214990,693.74,0.564339,"sell"
1466006839,19214992,693.44,2.51765858,"sell"
1466006839,19214994,693.59,2.51927949,"sell"
1466006839,19214996,693.13,2.51929712,"sell"
1466006839,19214998,692.85,10.01,"sell"
1466006839,19215000,692.48,1.22245133,"sell"
1466006839,19215002,692.46,6.17872556,"sell"
1466006839,19215004,693.12,8.8731,"sell"
1466006839,19215006,693.36,2.51954396,"sell"
1466006839,19215008,693.44,9.1204,"sell"
1466006839,19215010,692.87,2,"sell"
1466006839,19215012,693.21,2.51954396,"sell"
1466006841,19215014,694.54,1.1,"buy"
1466006849,19215016,694.14,0.01,"sell"
1466006857,19215018,693.9,0.564339,"sell"
1466006860,19215020,694.49,0.01,"buy"
1466006862,19215022,693.51,9.8375,"sell"
1466006862,19215024,693.5,2.51500269,"sell"
1466006862,19215026,693.5,5.69683362,"sell"
1466006862,19215028,693.9,1.95066369,"sell"
1466006872,19215030,694.22,7.1727,"sell"
1466006872,19215032,694.22,2.51503783,"sell"
1466006872,19215034,694.2,0.31226217,"sell"
1466006873,19215036,694.49,7.19,"buy"
1466006876,19215038,694.49,10,"sell"
1466006881,19215040,694.49,10,"sell"
1466006882,19215042,694.5,0.5,"buy"
1466006883,19215044,694.49,10,"sell"
1466006883,19215046,694.49,10,"sell"
1466006884,19215048,694.49,10,"sell"
1466006885,19215050,694.49,2,"sell"
1466006885,19215052,694.49,0.01,"sell"
1466006885,19215054,694.49,10,"sell"
1466006892,19215056,693.67,7.1823,"sell"
1466006892,19215058,692.86,8.526,"sell"
1466006892,19215060,694.49,6,"sell"
1466006892,19215062,693.66,2.51440545,"sell"
1466006892,19215064,692.88,3.8,"sell"
1466006892,19215066,693.39,2.51440545,"sell"
1466006892,19215068,692.56,9.2194,"sell"
1466006892,19215070,692.88,7.7941,"sell"
1466006892,19215072,692.22,10.0694,"sell"
1466006892,19215074,692.2,9.1319,"sell"
1466006892,19215076,691.91,9.4711,"sell"
1466006892,19215078,694.49,24.8,"sell"
1466006892,19215080,691.37,9.6719,"sell"
1466006892,19215082,691.1,3.231,"sell"
1466006892,19215084,691.4,0.15,"sell"
1466006892,19215086,691.63,9.5469,"sell"
1466006892,19215088,691.09,15,"sell"
1466006892,19215090,691.33,2,"sell"
1466006892,19215092,691.08,13.60819098,"sell"
1466006892,19215094,691.1,2.923,"sell"
1466006894,19215096,694.5,1.4,"buy"
1466006897,19215098,693.6,8.2516,"buy"
1466006903,19215100,693.66,6.7484,"sell"
1466006913,19215106,692.47,1.45790787,"sell"
1466006914,19215108,692.94,0.04396066,"buy"
1466006922,19215112,692.47,1.05885306,"sell"
1466006922,19215114,692.22,3.94114694,"sell"
1466006924,19215116,692.22,0.01,"sell"
1466006932,19215124,692.6,0.12369243,"buy"
1466006932,19215128,692.6,0.12369243,"buy"
1466006933,19215136,692.6,0.12369065,"buy"
1466006932,19215138,692.6,0.04539425,"buy"
1466006934,19215144,692.59,0.04539425,"buy"
1466006935,19215148,692.59,0.10967319,"buy"
1466006935,19215150,692.59,0.12369065,"buy"
1466006936,19215152,692.58,0.01402082,"buy"
1466006936,19215154,692.59,0.12369065,"buy"
1466006942,19215160,692.22,1.34382214,"sell"
1466006944,19215182,692.56,0.10997229,"buy"
1466006946,19215190,692.56,0.12369778,"buy"
1466006948,19215192,692.03,2.51786988,"sell"
1466006948,19215194,692.22,6.93053092,"sell"
1466006948,19215198,692.16,2.51786988,"sell"
1466006948,19215200,691.5,2.51832783,"sell"
1466006948,19215202,692.22,0.38,"sell"
1466006948,19215206,691.4,0.03633989,"sell"
1466006956,19215210,692.23,0.5,"sell"
1466006967,19215216,692.23,0.564339,"sell"
1466006971,19215224,692.23,0.1,"sell"
1466006980,19215260,692.23,0.1,"sell"
1466006983,19215264,692.23,1.726056,"sell"
1466006983,19215266,692.23,0.0196117,"sell"
1466006989,19215268,692.23,0.1,"sell"
1466006996,19215270,692.23,0.1,"sell"
1466007005,19215272,692.23,0.1,"sell"
1466007021,19215302,692.23,0.5,"sell"
1466007027,19215310,692.23,0.021735,"sell"
1466007035,19215312,692.5,7.1921,"buy"
1466007035,19215314,692.24,0.01,"buy"
1466007035,19215316,692.78,4.7979,"buy"
1466007050,19215326,692.78,0.03,"buy"
1466007052,19215330,692.78,0.03751,"buy"
1466007052,19215332,692.78,7.1911,"buy"
1466007064,19215352,692.82,5.242e-05,"sell"
1466007077,19215354,692.84,7.2143,"sell"
1466007077,19215356,692.83,1.40184845,"sell"
1466007077,19215358,692.5,1.38385155,"sell"
1466007093,19215364,692.85,0.0364,"sell"
1466007103,19215366,692.8,0.60243709,"sell"
1466007114,19215380,692.8,2,"buy"
1466007134,19215390,692.8,11.89756291,"buy"
1466007144,19215396,692.8,3.35562215,"sell"
1466007144,19215398,692.81,1.64437785,"sell"
1466007153,19215400,692.81,5,"sell"
1466007165,19215402,692.81,3.35309315,"sell"
1466007165,19215404,692.82,1.64690685,"sell"
1466007175,19215410,693.23,1.16208718,"buy"
1466007177,19215434,693.25,0.07615068,"buy"
1466007177,19215438,693.25,1.10555784,"buy"
1466007179,19215446,693.26,0.08066541,"buy"
1466007179,19215450,693.26,0.07600167,"buy"
1466007179,19215460,693.26,0.12358003,"buy"
1466007179,19215462,693.26,0.12358003,"buy"
1466007185,19215464,693.24,1.925328,"sell"
1466007185,19215466,693.25,0.02342738,"sell"
1466007185,19215468,693.23,0.86199252,"sell"
1466007186,19215470,693.27,0.61843482,"buy"
1466007185,19215472,693.25,0.1892521,"sell"
1466007186,19215482,693.27,0.12358003,"buy"
1466007185,19215484,693.27,0.16081215,"buy"
1466007186,19215490,693.27,0.12358003,"buy"
1466007187,19215492,693.27,0.12358003,"buy"
1466007188,19215496,693.26,0.12358003,"buy"
1466007188,19215498,693.26,0.12358003,"buy"
1466007188,19215502,693.26,0.12358003,"buy"
1466007189,19215506,693.26,0.02933579,"buy"
1466007190,19215512,693.26,0.12358003,"buy"
1466007191,19215522,693.24,2,"buy"
1466007198,19215534,693.25,0.12358003,"buy"
1466007201,19215538,693.25,1.96846623,"buy"
1466007201,19215546,693.25,0.08238549,"buy"
1466007201,19215552,693.25,0.35780906,"buy"
1466007202,19215556,693.25,0.01569635,"buy"
1466007202,19215560,693.25,0.08073959,"buy"
1466007202,19215564,693.25,0.08238549,"buy"
1466007203,19215566,693.25,0.01475335,"buy"
1466007202,19215568,693.25,1.75901247,"buy"
1466007202,19215572,693.25,0.04667074,"buy"
1466007203,19215576,693.25,0.04180275,"buy"
1466007203,19215580,693.25,0.11310904,"buy"
1466007205,19215584,693.25,0.05673442,"buy"
1466007206,19215588,693.25,0.25,"buy"
1466007209,19215610,693.23,1,"sell"
1466007209,19215612,693.24,0.25,"sell"
1466007209,19215616,693.24,0.25,"sell"
1466007209,19215620,693.13,0.0414392,"buy"
1466007209,19215622,693.13,0.1,"sell"
1466007209,19215628,693.13,1.27496274,"buy"
1466007209,19215630,693.13,1.33359806,"buy"
1466007209,19215632,693.24,0.25,"sell"
1466007210,19215634,693.25,0.01005941,"buy"
1466007209,19215636,693.25,0.18640194,"buy"
1466007210,19215640,693.25,0.07712215,"buy"
1466007210,19215642,693.25,0.05684812,"buy"
1466007209,19215644,693.23,0.5,"sell"
1466007211,19215650,693.11,0.07712215,"buy"
1466007211,19215652,693.11,0.01005941,"buy"
1466007212,19215654,693.11,0.01007942,"buy"
1466007212,19215668,692.97,0.08238549,"buy"
1466007212,19215678,692.97,0.01007942,"buy"
1466007213,19215682,692.97,0.0772408,"buy"
1466007213,19215684,692.97,0.01007477,"buy"
1466007213,19215688,692.97,0.0772408,"buy"
1466007213,19215690,692.97,1.13796558,"buy"
1466007219,19215724,692.6,0.11786929,"buy"
1466007222,19215740,692.58,0.1236032,"buy"
1466007222,19215748,692.58,0.1236032,"buy"
1466007222,19215758,692.58,0.11801851,"buy"
1466007222,19215764,692.58,0.07723649,"buy"
1466007224,19215768,692.57,1,"buy"
1466007225,19215778,692.57,0.11329442,"buy"
1466007227,19215790,692.56,0.20867127,"buy"
1466007228,19215792,692.56,0.11786929,"buy"
1466007229,19215794,692.55,1.09996365,"buy"
1466007229,19215800,692.55,0.11329442,"buy"
1466007230,19215804,692.55,0.1236032,"buy"
1466007231,19215810,692.55,0.5,"buy"
1466007234,19215816,692.55,0.1078629,"buy"
1466007241,19215818,692.3,1.797746,"sell"
1466007242,19215820,692.24,3,"sell"
1466007242,19215822,692.31,3.02322363,"buy"
1466007246,19215824,692.25,1.905958,"sell"
1466007250,19215828,692.24,5.95,"sell"
1466007250,19215830,692.23,4.1586533,"sell"
1466007250,19215832,692.23,4.67e-05,"buy"
1466007253,19215838,692.24,1.7495733,"sell"
1466007256,19215848,692.25,2.47185685,"buy"
1466007256,19215850,692.25,2.52814315,"buy"
1466007263,19215856,692,48.090168,"sell"
1466007263,19215858,692.01,1.909832,"sell"
1466007290,19215860,692.03,1.2261,"buy"
1466007306,19215870,692.02,0.13740149,"sell"
1466007314,19215874,692.1,0.02,"sell"
1466007314,19215876,692.02,0.02057547,"sell"
1466007320,19215878,692,3,"sell"
1466007320,19215882,692,5,"sell"
1466007328,19215888,692.01,0.07541111,"buy"
1466007329,19215892,692.01,0.5,"buy"
1466007341,19215894,692.01,2.52511082,"buy"
1466007341,19215896,692.01,2.52578404,"buy"
1466007341,19215898,692.01,1.94699274,"buy"
1466007341,19215900,692.22,5.0021124,"buy"
1466007371,19215908,692,0.3,"sell"
1466007373,19215912,692,0.1,"sell"
1466007374,19215934,692.01,0.12379967,"buy"
1466007375,19215938,692.01,0.1237961,"buy"
1466007375,19215944,692.01,0.1237961,"buy"
1466007375,19215946,692.01,0.08253312,"buy"
1466007375,19215948,692.01,0.1237961,"buy"
1466007375,19215956,692.01,0.1237961,"buy"
1466007375,19215958,692.01,0.1237961,"buy"
1466007376,19215960,692.01,0.12379431,"buy"
1466007376,19215966,692.01,0.12379431,"buy"
1466007376,19215968,692.01,0.01361916,"buy"
1466007377,19215970,692,0.5,"sell"
1466007378,19215976,692.01,0.0136128,"buy"
1466007378,19215978,692.01,0.12379968,"buy"
1466007379,19215986,692,14.6925,"sell"
1466007379,19215990,692.01,0.12379789,"buy"
1466007380,19215998,692.01,1.17660031,"buy"
1466007380,19216000,692.01,0.12379789,"buy"
1466007380,19216002,692.01,2.32104257,"buy"
1466007380,19216004,692.01,0.08041206,"buy"
1466007380,19216008,692.01,0.1374568,"buy"
1466007381,19216016,692.01,1.12982659,"buy"
1466007382,19216026,692.01,0.02469745,"buy"
1466007383,19216034,692.01,1.10616423,"buy"
1466007383,19216036,692.01,0.12379968,"buy"
1466007384,19216042,692.01,0.4212015,"buy"
1466007384,19216044,692.01,0.00628717,"buy"
1466007385,19216048,692.01,0.141198,"buy"
1466007388,19216056,692.01,0.21794401,"buy"
1466007389,19216058,692.01,0.168771,"buy"
1466007388,19216062,692,70,"sell"
1466007393,19216074,692,0.08269971,"sell"
1466007395,19216076,692,0.5,"sell"
1466007405,19216080,692,0.37330986,"sell"
1466007412,19216082,692,18.9168,"sell"
1466007418,19216084,692,1.49650308,"sell"
1466007418,19216086,692,23.13562243,"sell"
1466007421,19216088,691.41,3,"sell"
1466007450,19216090,691.02,0.83533989,"sell"
1466007450,19216092,691.4,0.06466011,"sell"
1466007474,19216096,691,0.5,"sell"
1466007484,19216100,691.01,7.2282,"sell"
1466007484,19216102,691,42.7718,"sell"
1466007491,19216104,691,0.65697925,"sell"
1466007508,19216106,691.2,0.01,"buy"
1466007528,19216108,691.02,1,"buy"
1466007540,19216110,691.01,0.4,"sell"
1466007540,19216112,691.01,0.53137071,"sell"
1466007540,19216114,691,4.06862929,"sell"
1466007548,19216122,691.02,0.02639582,"buy"
1466007552,19216126,691,3,"sell"
1466007557,19216142,691.11,0.01,"buy"
1466007559,19216144,691.12,1.4574,"buy"
1466007566,19216148,691.2,0.06422231,"buy"
1466007566,19216150,691.2,0.12397704,"buy"
1466007566,19216152,691.2,0.12397704,"buy"
1466007571,19216154,691.27,0.025,"buy"
1466007574,19216156,691.26,1,"buy"
1466007593,19216158,691.25,0.078376,"buy"
1466007635,19216160,691.02,0.01,"buy"
1466007636,19216162,691.01,0.22976261,"sell"
1466007636,19216164,691.01,1,"sell"
1466007636,19216166,691,5.43047885,"sell"
1466007639,19216170,691,10,"sell"
1466007642,19216172,691,3,"sell"
1466007645,19216174,691,0.07578478,"sell"
1466007649,19216176,691,0.04828995,"sell"
1466007651,19216178,691.01,0.285022,"buy"
1466007661,19216190,691,2,"sell"
1466007677,19216212,691.01,0.12397883,"buy"
1466007681,19216214,691,5,"sell"
1466007688,19216216,691,2.5,"sell"
1466007706,19216222,691.02,0.01,"buy"
1466007711,19216226,691.01,0.27,"sell"
1466007712,19216228,691,70.94803788,"sell"
1466007712,19216230,691.01,3.73,"sell"
1466007712,19216232,691.01,7.2157,"sell"
1466007712,19216234,691.01,0.0985456,"sell"
1466007721,19216244,690.4,2.52640443,"sell"
1466007721,19216246,690.27,2.52640443,"sell"
1466007721,19216248,690.64,5,"sell"
1466007721,19216250,690.02,0.92,"sell"
1466007721,19216252,690.1,0.03,"sell"
1466007721,19216254,690.1,0.05,"sell"
1466007721,19216256,690.4,0.05,"sell"
1466007721,19216258,690.07,0.15,"sell"
1466007721,19216260,690,0.01,"sell"
1466007721,19216262,690.47,5,"sell"
1466007721,19216264,690.01,2.52640443,"sell"
1466007721,19216266,690.11,0.07,"sell"
1466007721,19216268,690,1.3901,"sell"
1466007721,19216270,690.14,2.52640443,"sell"
1466007721,19216272,690,0.01,"sell"
1466007730,19216274,690.02,0.21454641,"sell"
1466007733,19216276,689.99,0.01003,"sell"
1466007733,19216278,689.89,2.52636898,"sell"
1466007733,19216280,689.76,2.52636898,"sell"
1466007733,19216282,689.22,6.95149542,"sell"
1466007733,19216284,689.26,9.3068,"sell"
1466007733,19216286,689.82,0.15,"sell"
1466007733,19216288,689.39,2.52636898,"sell"
1466007733,19216290,689.5,0.05,"sell"
1466007733,19216292,690.02,0.80545359,"sell"
1466007733,19216294,689.8,0.05,"sell"
1466007733,19216296,689.5,3,"sell"
1466007733,19216298,689.69,0.18,"sell"
1466007733,19216300,689.26,2.52636898,"sell"
1466007736,19216302,689.16,3,"sell"
1466007736,19216304,688.99,7.0173,"sell"
1466007736,19216306,688.73,7.1465,"sell"
1466007736,19216308,689,3,"sell"
1466007736,19216310,688.48,0.301,"sell"
1466007736,19216312,688.47,8.0642,"sell"
1466007736,19216314,689,0.01,"sell"
1466007736,19216316,688.75,1.77,"sell"
1466007736,19216318,688.75,8.6062,"sell"
1466007736,19216320,689,0.011,"sell"
1466007736,19216322,688.48,0.273,"sell"
1466007736,19216324,688.1,0.05,"sell"
1466007736,19216326,688.45,6.6623,"sell"
1466007736,19216328,688.03,4.7247,"sell"
1466007736,19216330,688.23,0.15,"sell"
1466007736,19216332,688.75,1.956,"sell"
1466007737,19216334,689.63,0.5,"sell"
1466007737,19216336,689.63,2.02636898,"sell"
1466007737,19216338,689.14,1.23463102,"sell"
1466007736,19216340,688.27,7.2578,"sell"
1466007755,19216342,689.47,0.5,"buy"
1466007755,19216344,689.47,0.13926706,"buy"
1466007764,19216350,689.45,1,"buy"
1466007771,19216360,689.48,7.8,"buy"
1466007773,19216374,689.47,0.12425395,"buy"
1466007776,19216390,689.75,0.12425395,"buy"
1466007778,19216394,689.46,0.01,"buy"
1466007778,19216396,689.46,0.12425575,"buy"
1466007782,19216398,689.26,0.05,"buy"
1466007783,19216400,689.45,1,"sell"
1466007791,19216408,689.66,0.03440548,"buy"
1466007792,19216416,689.65,0.03440227,"buy"
1466007793,19216424,689.65,0.03440548,"buy"
1466007793,19216430,689.65,0.03440548,"buy"
1466007794,19216432,689.65,0.03440548,"buy"
1466007796,19216434,688.42,2.52730898,"sell"
1466007796,19216436,689.15,1.05,"sell"
1466007796,19216438,689.45,3.95,"sell"
1466007796,19216440,688.71,2.52835622,"sell"
1466007796,19216442,688.55,2.52851604,"sell"
1466007796,19216444,688.34,2.31846107,"sell"
1466007796,19216446,689.47,0.04241946,"sell"
1466007796,19216448,688.45,2.52640443,"sell"
1466007796,19216450,689.64,0.03439999,"buy"
1466007796,19216452,688.43,2.5285338,"sell"
1466007805,19216468,689.39,0.1242521,"buy"
1466007809,19216482,689.38,0.02338804,"buy"
1466007819,19216490,689.34,0.6,"buy"
1466007822,19216492,688.92,2,"buy"
1466007833,19216500,688.4,2.9,"sell"
1466007833,19216502,688.91,0.1,"sell"
1466007840,19216504,688.41,1.5,"buy"
1466007845,19216506,688.41,0.250001,"buy"
1466007847,19216508,688.41,0.05074031,"buy"
1466007847,19216510,688.41,0.35,"buy"
1466007865,19216512,688.42,0.250001,"buy"
1466007866,19216514,688.42,0.1,"buy"
1466007874,19216516,688.9,0.1,"buy"
1466007878,19216518,688.84,0.250001,"buy"
1466007881,19216520,688.84,0.250001,"buy"
1466007885,19216522,688.83,7.2429,"sell"
1466007885,19216524,688.83,0.250001,"sell"
1466007885,19216526,688.42,0.25373,"sell"
1466007885,19216528,688.42,0.02,"sell"
1466007885,19216530,688.83,2.5294221,"sell"
1466007887,19216532,688.42,5,"buy"
1466007891,19216534,688.42,0.250001,"buy"
1466007892,19216536,688.42,0.1,"buy"
1466007894,19216538,688.42,1.6517,"buy"
1466007898,19216542,688.41,0.1,"sell"
1466007901,19216544,688.42,0.1002,"buy"
1466007901,19216546,688.42,0.250001,"buy"
1466007902,19216548,688.42,0.02,"buy"
1466007904,19216550,688.42,0.1,"buy"
1466007906,19216552,688.42,0.250001,"buy"
1466007908,19216554,688.42,0.1,"buy"
1466007908,19216556,688.42,2,"buy"
1466007909,19216558,688.42,0.250001,"buy"
1466007910,19216560,688.42,0.1,"buy"
1466007915,19216566,688.42,0.02745058,"buy"
1466007916,19216568,688.42,5,"buy"
1466007917,19216570,688.42,0.250001,"buy"
1466007925,19216576,688.42,4,"buy"
1466007930,19216580,688.42,0.02,"buy"
1466007949,19216586,688.42,1.53,"buy"
1466007949,19216588,688.42,3.47,"buy"
1466007974,19216592,688.44,15.92274243,"buy"
1466007974,19216594,689,0.01,"buy"
1466007979,19216596,688.91,2.5,"buy"
1466007979,19216598,688.91,0.01,"buy"
1466007978,19216600,689,0.01,"buy"
1466007984,19216604,688.45,0.08912029,"buy"
1466008005,19216608,688.61,0.41116289,"sell"
1466008005,19216610,688.44,3.10590549,"sell"
1466008005,19216612,688.46,0.07908482,"sell"
1466008005,19216614,688.45,0.02,"sell"
1466008010,19216620,688.45,0.07908597,"sell"
1466008010,19216622,688.44,4.63180458,"sell"
1466008060,19216634,688.43,0.12444346,"buy"
1466008092,19216636,688.8,2.4668753,"buy"
1466008092,19216638,688.43,0.86321166,"buy"
1466008095,19216640,688.43,0.01,"buy"
1466008100,19216644,688.47,0.02,"sell"
1466008108,19216646,689,0.08,"buy"
1466008108,19216648,689,22.4435087,"buy"
1466008108,19216650,688.47,0.2315913,"buy"
1466008108,19216652,688.99,7.2449,"buy"
1466008128,19216654,688.99,0.295,"buy"
1466008136,19216656,688.91,0.11440858,"buy"
1466008137,19216658,689.86,0.4435087,"buy"
1466008137,19216660,689,2.5564913,"buy"
1466008162,19216664,689.81,0.90189489,"buy"
1466008170,19216666,689.93,0.1449,"buy"
1466008181,19216670,689.91,0.655741,"buy"
1466008182,19216672,690.03,2.67535887,"buy"
1466008182,19216674,689.91,2.52986648,"buy"
1466008182,19216676,689.91,1.87412548,"buy"
1466008186,19216678,690.28,0.4349,"buy"
1466008194,19216680,690.03,0.6727,"buy"
1466008210,19216682,689.61,0.17887132,"sell"
1466008210,19216684,689.9,1.4499,"buy"
1466008214,19216686,689.99,2.52698965,"buy"
1466008214,19216688,689.91,2.52698965,"buy"
1466008222,19216692,690.04,0.37076198,"sell"
1466008226,19216694,690.42,1.4499,"buy"
1466008243,19216702,690.11,0.31278417,"sell"
1466008243,19216704,690.32,1.4499,"buy"
1466008249,19216706,690.32,1.07957541,"buy"
1466008249,19216708,690.4,7.1931,"buy"
1466008250,19216710,690.49,1.4479,"buy"
1466008261,19216726,690.44,0.05361381,"buy"
1466008264,19216728,690.44,2.47826322,"buy"
1466008274,19216732,690.47,1.4479,"buy"
1466008281,19216734,690.45,0.02173678,"buy"
1466008282,19216736,690.47,2.98980762,"buy"
1466008282,19216738,690.45,2.53050666,"buy"
1466008282,19216740,690.45,2.50876988,"buy"
1466008282,19216742,690.45,2.53091584,"buy"
1466008283,19216744,690.69,0.52282362,"buy"
1466008283,19216746,690.69,0.92507638,"buy"
1466008304,19216760,690.76,0.94,"buy"
1466008304,19216762,690.11,0.06,"buy"
1466008307,19216764,690.76,1.4479,"buy"
1466008328,19216766,690.48,1,"buy"
1466008352,19216772,690.35,0.06,"buy"
1466008374,19216774,690.34,4.5,"buy"
1466008375,19216776,690.12,7.2071,"sell"
1466008375,19216778,690.1,2,"sell"
1466008375,19216780,690.05,0.9,"sell"
1466008394,19216782,689.93,0.054872,"sell"
1466008394,19216784,689.93,0.0361,"sell"
1466008404,19216788,689.99,2.824364,"buy"
1466008418,19216792,689.99,0.04848548,"buy"
1466008428,19216802,689.9,0.48618681,"sell"
1466008428,19216804,689.91,0.01381319,"sell"
1466008434,19216808,690,0.09696955,"buy"
1466008451,19216810,690,2.5,"buy"
1466008451,19216812,689.94,0.04785317,"sell"
1466008467,19216816,690,0.48484072,"buy"
1466008477,19216824,690,0.05,"buy"
1466008484,19216828,690,0.04848407,"buy"
1466008490,19216830,689.9,0.037,"sell"
1466008496,19216832,689.9,0.028,"sell"
1466008518,19216838,689.17,8.1582,"sell"
1466008518,19216840,689.77,1.22,"sell"
1466008518,19216842,688.96,2.53130735,"sell"
1466008518,19216844,689.54,4.95,"sell"
1466008518,19216846,689.9,7.1999,"sell"
1466008518,19216848,689.79,1.98,"sell"
1466008518,19216850,688.92,3,"sell"
1466008518,19216852,689.8,0.5,"sell"
1466008518,19216854,689.89,5,"sell"
1466008518,19216856,688.84,2.53130735,"sell"
1466008518,19216858,688.85,10.0887,"sell"
1466008518,19216860,689.9,1.44881319,"sell"
1466008518,19216862,688.91,7.6694,"sell"
1466008518,19216864,688.81,0.15,"sell"
1466008518,19216866,688.77,2.53111158,"sell"
1466008518,19216868,688.66,1.065,"sell"
1466008518,19216872,688.96,6.4306,"sell"
1466008518,19216874,688.65,8.1656,"sell"
1466008518,19216876,688.9,1,"sell"
1466008518,19216878,688.65,2.53111158,"sell"
1466008518,19216880,688.54,0.67234606,"sell"
1466008518,19216882,688.66,1.177,"sell"
1466008525,19216884,690,2.324566,"buy"
1466008525,19216886,689.99,0.5,"buy"
1466008535,19216888,689.79,0.141501,"buy"
1466008558,19216890,689.79,0.16822278,"buy"
1466008624,19216898,689.79,4.49513966,"sell"
1466008631,19216902,689.79,1,"sell"
1466008643,19216904,689.79,5.50486034,"sell"
1466008643,19216906,689.79,14.83,"sell"
1466008660,19216916,688.56,7.2528,"sell"
1466008660,19216918,688.24,2.53173459,"sell"
1466008660,19216920,688.41,0.049669,"sell"
1466008660,19216922,688.13,0.641,"sell"
1466008660,19216924,688.56,0.18,"sell"
1466008660,19216926,688.55,1.14,"sell"
1466008660,19216928,688.42,0.02,"sell"
1466008660,19216930,688.37,2.53168118,"sell"
1466008660,19216932,688.35,7.2094,"sell"
1466008660,19216934,688.25,31.8537,"sell"
1466008660,19216936,688.53,6.5467,"sell"
1466008660,19216938,688.41,0.150001,"sell"
1466008660,19216940,688.13,2.53168118,"sell"
1466008660,19216942,688.41,2,"sell"
1466008660,19216944,688.12,10,"sell"
1466008660,19216946,688.13,0.709,"sell"
1466008660,19216948,688.12,0.55017315,"sell"
1466008660,19216950,688.01,2.53168118,"sell"
1466008660,19216952,688.1,4,"sell"
1466008660,19216954,688.05,1,"sell"
1466008660,19216956,688,78.3969,"sell"
1466008660,19216958,688.1,88,"sell"
1466008660,19216960,688,0.01,"sell"
1466008660,19216962,688.05,8.196,"sell"
1466008660,19216964,688.1,0.05,"sell"
1466008660,19216966,688.01,0.5232,"sell"
1466008660,19216968,688.02,25,"sell"
1466008660,19216970,688.07,0.27,"sell"
1466008664,19216972,688.01,0.82088164,"sell"
1466008691,19216976,688.15,0.08299607,"sell"
1466008691,19216978,688.14,7.2093,"sell"
1466008691,19216980,688.01,15.9467,"sell"
1466008691,19216982,688.11,1.04,"sell"
1466008691,19216984,688,5.6564,"sell"
1466008700,19216994,688.89,0.12436037,"buy"
1466008707,19217002,688.85,0.12436579,"buy"
1466008707,19217006,688.83,0.03581751,"buy"
1466008708,19217008,688.83,0.03581751,"buy"
1466008709,19217014,688.83,0.12436398,"buy"
1466008710,19217022,688.83,0.03581699,"buy"
1466008711,19217034,688.82,0.04733025,"buy"
1466008712,19217042,688.81,0.05343489,"buy"
1466008713,19217054,688.81,1.40803459,"buy"
1466008713,19217064,688.81,0.44408693,"buy"
1466008715,19217070,688.81,0.01077062,"buy"
1466008716,19217076,688.81,0.13941044,"buy"
1466008716,19217080,688.81,1.05832667,"buy"
1466008716,19217090,688.81,0.48922938,"buy"
1466008716,19217094,688.81,0.12436217,"buy"
1466008716,19217096,688.81,0.12034814,"buy"
1466008716,19217100,688.81,0.05353964,"buy"
1466008720,19217108,688.8,0.07288584,"buy"
1466008720,19217110,688.8,0.05343489,"buy"
1466008723,19217112,688.79,0.05353964,"buy"
1466008737,19217116,688.72,0.5,"buy"
1466008737,19217118,688.72,0.15253871,"buy"
1466008739,19217120,688.42,0.5,"sell"
1466008744,19217124,688.71,1.9191,"buy"
1466008772,19217154,688.42,0.26228974,"sell"
1466008772,19217156,688.43,0.1,"sell"
1466008785,19217166,688.42,0.08771026,"sell"
1466008817,19217174,688.69,7,"buy"
1466008827,19217182,689.44,0.12429902,"buy"
1466008837,19217186,689.44,0.16562518,"buy"
1466008849,19217190,689.42,0.1657001,"buy"
1466008852,19217194,689.41,0.16709011,"buy"
1466008857,19217198,689.41,0.16774772,"buy"
1466008862,19217200,689.42,1.62083783,"buy"
1466008862,19217202,689.41,6.87426217,"buy"
1466008877,19217208,689.42,0.16489277,"buy"
1466008881,19217212,689.42,0.1662827,"buy"
1466008887,19217216,689.42,0.05991856,"buy"
1466008887,19217220,689.42,0.1,"buy"
1466008891,19217224,689.42,0.16701519,"buy"
1466008895,19217226,689.42,0.16701519,"buy"
1466008897,19217230,688.67,0.07134999,"sell"
1466008897,19217232,688.7,0.08292979,"sell"
1466008897,19217234,689.41,0.16789758,"sell"
1466008897,19217236,689.41,0.16782264,"sell"
1466008897,19217238,688.69,0.01,"sell"
1466008898,19217242,689.42,0.1,"buy"
1466008901,19217248,689.23,0.16701519,"buy"
1466008901,19217252,689.23,0.1,"buy"
1466008904,19217254,689.21,0.15203431,"buy"
1466008906,19217258,688.68,0.01,"sell"
1466008905,19217260,689.21,0.1,"buy"
1466008907,19217262,688.72,0.08292617,"buy"
1466008907,19217264,688.72,0.1,"buy"
1466008908,19217268,688.72,0.08292617,"buy"
1466008909,19217272,688.72,0.16869733,"buy"
1466008909,19217274,688.44,0.01,"sell"
1466008911,19217284,688.71,0.1,"buy"
1466008911,19217286,688.71,0.08309356,"buy"
1466008912,19217288,688.67,0.01,"sell"
1466008913,19217294,688.72,0.14799996,"buy"
1466008915,19217300,688.67,0.01,"sell"
1466008922,19217320,689.02,0.11224851,"buy"
1466008929,19217322,689.04,2.53319541,"buy"
1466008929,19217324,689.02,7.12575149,"buy"
1466008929,19217326,689.16,2.53319541,"buy"
1466008929,19217328,689.16,5.2111,"buy"
1466008929,19217330,689.52,0.41337288,"buy"
1466008929,19217332,689.28,4,"buy"
1466008929,19217334,689.23,5.85808481,"buy"
1466008929,19217336,689.45,7.3253,"buy"
1466008938,19217340,689.4,0.01,"sell"
1466008947,19217342,689.64,1,"buy"
1466008946,19217344,689.64,0.593072,"buy"
1466008973,19217346,689.62,3,"buy"
1466008986,19217350,689.52,1.53319541,"buy"
1466008986,19217352,689.52,1,"buy"
1466008986,19217354,689.69,0.93476729,"buy"
1466008986,19217356,689.58,2.5320373,"buy"
1466009005,19217364,689.52,0.01001931,"buy"
1466009005,19217366,689.52,0.01001931,"buy"
1466009018,19217368,689.5,0.01,"sell"
1466009028,19217370,689.52,0.1,"buy"
1466009106,19217382,689.41,0.381927,"sell"
1466009106,19217384,689.5,0.49,"sell"
1466009107,19217386,689.51,0.23992161,"buy"
1466009125,19217388,689.5,0.01002214,"buy"
1466009148,19217392,689.43,0.0178,"sell"
1466009148,19217394,689.44,0.08284077,"buy"
1466009152,19217404,689.44,0.08284077,"buy"
1466009158,19217414,689.44,0.12426115,"buy"
1466009159,19217418,689.44,0.08284077,"buy"
1466009159,19217420,689.44,0.12425575,"buy"
1466009160,19217430,689.44,0.08284077,"buy"
1466009160,19217432,689.43,0.12425575,"buy"
1466009161,19217434,689.43,0.10413362,"buy"
1466009161,19217438,689.43,0.12425575,"buy"
1466009163,19217444,689.43,0.01101317,"buy"
1466009163,19217446,689.43,0.08284077,"buy"
1466009242,19217450,689.44,0.83848399,"buy"
1466009255,19217460,689.58,0.10602268,"buy"
1466009282,19217462,689.52,4,"buy"
1466009293,19217586,689.69,0.12421611,"buy"
1466009294,19217594,689.69,0.02676985,"buy"
1466009307,19217604,689.69,0.339057,"buy"
1466009309,19217606,689.54,2.53410483,"buy"
1466009351,19217622,689.62,0.02664625,"buy"
1466009368,19217626,689.62,2.50745858,"buy"
1466009380,19217628,689.65,0.0693925,"sell"
1466009380,19217630,689.62,0.40513526,"sell"
1466009433,19217642,689.69,0.0299211,"sell"
1466009453,19217644,689.69,7.2368,"buy"
1466009453,19217646,689.69,0.0700789,"buy"
1466009463,19217650,689.69,0.0322377,"sell"
1466009487,19217654,689.69,0.5,"sell"
1466009491,19217656,689.69,1,"sell"
1466009496,19217658,689.69,1.7591166,"sell"
1466009496,19217660,689.69,3.2408834,"sell"
1466009510,19217662,689.69,3.24,"buy"
1466009514,19217672,689.64,8.2,"sell"
1466009514,19217674,689.34,1.58508809,"sell"
1466009514,19217676,689.68,0.21491191,"sell"
1466009516,19217682,689.22,0.7,"sell"
1466009516,19217684,689.33,0.7,"sell"
1466009516,19217686,689,2.5,"sell"
1466009516,19217688,689.02,0.11224851,"sell"
1466009521,19217690,688.95,15,"sell"
1466009522,19217692,689.2,2.46224851,"buy"
1466009522,19217694,689,5.98775149,"buy"
1466009522,19217696,688.99,0.5,"buy"
1466009529,19217698,688.96,7.7652,"sell"
1466009529,19217700,688.97,7.2348,"sell"
1466009542,19217714,688.55,0.7,"sell"
1466009542,19217716,688.95,0.15,"sell"
1466009542,19217718,689,0.76,"sell"
1466009542,19217720,688.42,4.15,"sell"
1466009542,19217722,688.72,0.17684361,"sell"
1466009542,19217724,688.22,10.21,"sell"
1466009542,19217726,688.88,0.7,"sell"
1466009542,19217728,688.23,6.5663,"sell"
1466009542,19217730,688.23,6.9706,"sell"
1466009542,19217732,688.7,0.7,"sell"
1466009542,19217734,688.9,1.08,"sell"
1466009542,19217736,688.96,8.7248,"sell"
1466009542,19217738,688.2,3.74332379,"sell"
1466009542,19217742,688.89,7.2437,"sell"
1466009551,19217746,688.98,1.08,"buy"
1466009561,19217748,688.2,4.11864247,"sell"
1466009561,19217750,688.25,1.09,"sell"
1466009564,19217752,688.21,7.2591,"sell"
1466009564,19217754,688.2,7.7409,"sell"
1466009564,19217756,688.93,0.01,"buy"
1466009595,19217758,688.8,1.99,"buy"
1466009607,19217764,688.92,1.132311,"buy"
1466009627,19217766,688.77,0.19846926,"buy"
1466009627,19217768,688.78,7.2309,"buy"
1466009667,19217772,689.03,1.463692,"buy"
1466009700,19217776,689.04,0.02,"buy"
1466009714,19217780,689.04,0.04,"buy"
1466009717,19217782,689.04,0.19874998,"buy"
1466009717,19217784,689.04,2,"buy"
1466009717,19217786,689.04,0.04,"buy"
1466009742,19217790,689.04,0.933,"buy"
1466009742,19217792,689,5.2498392,"sell"
1466009742,19217794,689.03,0.02,"sell"
1466009745,19217796,689,3.3701608,"sell"
1466009761,19217798,688.88,0.25,"buy"
1466009770,19217802,688.8,0.02297552,"sell"
1466009790,19217808,688.8,0.97702448,"sell"
1466009790,19217810,688.78,0.02,"sell"
1466009792,19217816,688.59,8.82,"sell"
1466009792,19217818,688.43,0.1,"sell"
1466009799,19217822,688.33,0.09656761,"buy"
1466009800,19217824,688.34,2.53971837,"buy"
1466009800,19217826,688.34,4.37446355,"buy"
1466009800,19217828,688.33,1.70581808,"buy"
1466009805,19217830,688.2,0.39713374,"sell"
1466009805,19217832,688.32,10,"sell"
1466009805,19217834,688.01,0.05,"sell"
1466009805,19217836,688.32,1.71,"sell"
1466009805,19217838,688.25,2.49,"sell"
1466009805,19217840,688.01,7.2394,"sell"
1466009805,19217842,688,8.11346626,"sell"
1466009806,19217844,688.34,0.83252618,"buy"
1466009807,19217846,688.07,0.19462631,"buy"
1466009806,19217848,688.27,6.2376,"buy"
1466009807,19217850,688,3.93,"sell"
1466009831,19217856,688.02,7.229,"sell"
1466009831,19217858,688.01,8.07,"sell"
1466009831,19217860,688,2.63317786,"sell"
1466009831,19217862,688.01,2.5,"sell"
1466009831,19217864,688,3.90323374,"sell"
1466009831,19217866,688.04,5,"sell"
1466009851,19217868,688.02,12.6244,"sell"
1466009855,19217874,688.03,0.79795271,"buy"
1466009855,19217876,688.03,0.70204729,"buy"
1466009868,19217880,688.03,5.4034,"buy"
1466009868,19217882,688.03,0.09594959,"buy"
1466009868,19217884,688.03,2.54065041,"buy"
1466009888,19217886,688.02,0.5886,"sell"
1466009890,19217888,688.03,0.04,"buy"
1466009897,19217890,688.03,0.19095505,"buy"
1466009905,19217892,688.03,0.02,"buy"
1466009913,19217894,688.03,0.02,"buy"
1466009925,19217910,688.03,0.73047083,"buy"
1466009925,19217912,688.03,2.52267815,"buy"
1466009925,19217914,688.03,0.35795102,"buy"
1466009938,19217916,688.03,0.150896,"sell"
1466009942,19217918,688.02,0.249601,"sell"
1466009951,19217920,688.02,0.022661,"sell"
1466009953,19217922,688.02,10,"sell"
1466009954,19217924,688.02,0.35902887,"sell"
1466009987,19217934,688.1,0.18708755,"buy"
1466010000,19217936,688.1,1.27161606,"buy"
1466010028,19217960,688.31,0.011424,"buy"
1466010028,19217962,688.34,0.412776,"buy"
1466010039,19217966,688.31,0.2429,"buy"
1466010038,19217968,688.28,0.011011,"buy"
1466010038,19217970,688.31,0.088989,"buy"
1466010039,19217974,688.31,0.168111,"buy"
1466010041,19217978,688.56,1.297224,"buy"
1466010041,19217980,688.57,3,"buy"
1466010041,19217982,688.76,2.5395213,"buy"
1466010041,19217984,688.9,2.5395213,"buy"
1466010041,19217986,688.58,6,"buy"
1466010041,19217988,688.57,7.2262,"buy"
1466010041,19217990,688.97,0.734747,"buy"
1466010041,19217992,688.97,5.4967,"buy"
1466010041,19217994,688.62,2.5395213,"buy"
1466010041,19217996,688.98,1.54585516,"buy"
1466010053,19218006,688.57,0.07,"buy"
1466010053,19218008,688.56,0.5,"buy"
1466010062,19218010,688.48,0.15,"sell"
1466010062,19218012,688.48,0.35,"sell"
1466010077,19218014,689,0.18330664,"buy"
1466010092,19218028,688.91,1,"buy"
1466010096,19218032,688.94,0.16669336,"buy"
1466010096,19218034,689.02,0.32861064,"buy"
1466010096,19218036,689.02,0.4022,"buy"
1466010099,19218040,689,0.078174,"buy"
1466010112,19218054,688.95,1.5,"buy"
1466010119,19218062,689.26,0.473,"buy"
1466010167,19218094,689.7,0.17940444,"buy"
1466010169,19218096,689.7,0.501,"buy"
1466010180,19218098,689.7,7,"buy"
1466010181,19218100,689.93,0.054922,"buy"
1466010181,19218102,689.93,0.013203,"buy"
1466010181,19218104,690.24,0.36091661,"buy"
1466010181,19218106,689.7,1.98473522,"buy"
1466010181,19218108,690,1,"buy"
1466010185,19218112,690.23,7.2299,"buy"
1466010185,19218114,690.23,3,"buy"
1466010185,19218116,690.23,6,"buy"
1466010185,19218118,690.25,3.7701,"buy"
1466010194,19218120,689.87,0.086607,"buy"
1466010194,19218122,690.24,3,"buy"
1466010194,19218124,690.23,0.5,"buy"
1466010194,19218126,689.87,0.010465,"buy"
1466010203,19218132,690.41,2.0345687,"buy"
1466010203,19218134,690.46,15.9764,"buy"
1466010203,19218136,690.55,2.5345687,"buy"
1466010203,19218138,690.76,5.4328,"buy"
1466010203,19218140,690.88,0.18,"buy"
1466010203,19218142,691,0.1,"buy"
1466010203,19218144,690.41,0.5,"buy"
1466010203,19218146,690.89,3.04,"buy"
1466010203,19218148,691.05,0.61938952,"buy"
1466010203,19218150,690.8,6,"buy"
1466010203,19218152,691,2.53458654,"buy"
1466010203,19218154,690.7,2.53458654,"buy"
1466010203,19218156,690.47,8.1636,"buy"
1466010203,19218158,690.41,5.8495,"buy"
1466010220,19218160,690.31,0.078376,"sell"
1466010229,19218170,691.04,0.5718,"buy"
1466010229,19218172,690.99,1.12,"buy"
1466010229,19218174,690.95,0.1239896,"buy"
1466010229,19218176,691.05,7.05851048,"buy"
1466010229,19218178,691.13,2.53412266,"buy"
1466010229,19218180,691.1,0.05,"buy"
1466010229,19218184,691.36,0.71487726,"buy"
1466010229,19218186,690.99,7.3267,"buy"
1466010229,19218188,691,0.5,"buy"
1466010231,19218192,691.45,1.17602654,"buy"
1466010231,19218194,691.04,0.12397346,"buy"
1466010231,19218196,691.45,1.5,"buy"
1466010237,19218198,691.27,2.53415834,"buy"
1466010237,19218200,691.03,0.12397525,"buy"
1466010237,19218202,691.46,17.34186641,"buy"
1466010242,19218208,690.75,0.75,"buy"
1466010242,19218210,691.22,2.53496134,"buy"
1466010242,19218212,691.38,3.71503866,"buy"
1466010251,19218226,690.52,0.02622707,"sell"
1466010252,19218230,691.45,0.12389995,"buy"
1466010252,19218236,691.46,0.87610005,"buy"
1466010256,19218238,691.46,0.17571097,"buy"
1466010270,19218256,690.97,4.99864925,"buy"
1466010270,19218258,691.4,9.9,"buy"
1466010270,19218260,691.46,4.77628957,"buy"
1466010290,19218268,691.46,0.85792999,"sell"
1466010296,19218270,691.49,8.0104,"buy"
1466010296,19218272,691.8,0.161348,"buy"
1466010296,19218274,691.53,0.172079,"buy"
1466010296,19218276,691.47,0.20151924,"buy"
1466010296,19218278,691.76,7.1173,"buy"
1466010296,19218280,691.99,1.5,"buy"
1466010296,19218282,691.99,2.83735376,"buy"
1466010299,19218288,691.98,0.12414031,"buy"
1466010298,19218290,691.47,0.12414031,"sell"
1466010299,19218292,692,15,"buy"
1466010299,19218294,692.15,0.01,"buy"
1466010298,19218296,691.47,0.0827643,"sell"
1466010299,19218298,692.6,9.26643071,"buy"
1466010299,19218300,692.29,2.784,"buy"
1466010299,19218302,691.99,4.38264624,"buy"
1466010299,19218304,692.73,2.5301154,"buy"
1466010299,19218306,692.29,2.519,"buy"
1466010299,19218308,692.12,2.1,"buy"
1466010299,19218310,692.81,2.5310226,"buy"
1466010299,19218312,692.99,0.67738741,"buy"
1466010299,19218314,692.97,7.61411314,"buy"
1466010299,19218316,692.3,9.489,"buy"
1466010299,19218318,692.88,2.5301154,"buy"
1466010299,19218320,692,8.1599,"buy"
1466010299,19218322,692,5.58212879,"buy"
1466010324,19218328,691.49,0.0176,"sell"
1466010331,19218330,691.51,0.012468,"sell"
1466010341,19218332,691.49,0.016563,"buy"
1466010341,19218334,691.52,9.983437,"buy"
1466010345,19218336,691.51,0.029219,"sell"
1466010347,19218338,692.37,0.17186686,"buy"
1466010353,19218340,693,0.01,"buy"
1466010353,19218342,692.5,4,"buy"
1466010353,19218344,693.03,2.37187528,"buy"
1466010353,19218346,692.38,10,"buy"
1466010353,19218348,691.73,3.40586255,"buy"
1466010353,19218350,692.98,0.11226217,"buy"
1466010353,19218352,692.4,0.1,"buy"
1466010358,19218354,692.61,0.5,"buy"
1466010379,19218356,691.59,0.71871535,"buy"
1466010379,19218358,692,0.344,"buy"
1466010379,19218360,692.5,0.2,"buy"
1466010379,19218362,692.61,8.60728465,"sell"
1466010384,19218364,692,15,"buy"
1466010390,19218366,691.61,0.01,"buy"
1466010391,19218368,691.99,1.5,"buy"
1466010391,19218370,692,2.5,"buy"
1466010418,19218376,691.51,0.03676514,"sell"
1466010420,19218378,692,0.45,"buy"
1466010431,19218380,692,5,"buy"
1466010438,19218382,692,0.16829369,"buy"
1466010451,19218386,691.98,0.5,"buy"
1466010451,19218388,691.99,1.5,"buy"
1466010460,19218390,691.72,0.0763113,"sell"
1466010480,19218392,691.62,1.83055566,"sell"
1466010496,19218394,691.61,0.09313304,"sell"
1466010519,19218396,691.66,2.52904894,"sell"
1466010519,19218398,691.61,2.47095106,"sell"
1466010527,19218402,691.84,0.10673632,"buy"
1466010527,19218404,691.64,0.058101,"buy"
1466010531,19218406,691.61,0.187211,"sell"
1466010540,19218408,691.61,3,"sell"
1466010540,19218410,691.6,2,"sell"
1466010554,19218412,691.61,0.03006305,"sell"
1466010576,19218422,691.61,0.05924,"sell"
1466010577,19218424,691.61,0.44076,"sell"
1466010577,19218426,691.56,4.06104,"sell"
1466010577,19218428,691.57,7.4982,"sell"
1466010577,19218430,691.6,3,"sell"
1466010579,19218432,691.61,0.5,"sell"
1466010579,19218434,691.57,1.5,"sell"
1466010590,19218438,691.5,0.5,"sell"
1466010590,19218440,691.49,0.9544852,"sell"
1466010592,19218446,691.49,5,"sell"
1466010606,19218448,691.5,1.7,"buy"
1466010615,19218450,691.7,0.5,"buy"
1466010615,19218452,691.76,7.1866,"buy"
1466010615,19218454,691.74,3,"buy"
1466010615,19218456,691.5,0.09536081,"buy"
1466010615,19218458,691.77,2.6714,"buy"
1466010615,19218460,692.05,1.54663919,"buy"
1466010617,19218462,691.7,0.161576,"buy"
1466010620,19218464,691.49,1,"sell"
1466010707,19218476,691.66,0.04241435,"buy"
1466010707,19218478,691.69,0.11590654,"buy"
1466010730,19218486,691.6,0.07244938,"sell"
1466010785,19218498,692,6.75883309,"buy"
1466010785,19218500,691.97,7.1861,"buy"
1466010785,19218502,691.99,1.5,"buy"
1466010785,19218504,691.7,5,"buy"
1466010787,19218506,691.6,0.22755062,"sell"
1466010787,19218508,691.6,7,"sell"
1466010787,19218510,691.61,0.5,"sell"
1466010797,19218512,691.6,0.15509142,"buy"
1466010801,19218516,691.6,15,"buy"
1466010802,19218518,691.6,0.15,"buy"
1466010803,19218520,691.6,0.95972155,"buy"
1466010803,19218522,691.9,0.045,"buy"
1466010804,19218524,692,0.295,"buy"
1466010804,19218526,691.9,0.455,"buy"
