"timestamp","tid","price","amount","sell"
1466286613,19850576,753.48,0.329,"buy"
1466286613,19850578,753.57,0.25,"buy"
1466286613,19850580,753.99,20,"buy"
1466286613,19850582,753.99,4.10614217,"buy"
1466286613,19850584,753.5,0.26,"buy"
1466286613,19850586,753.49,1.68797534,"buy"
1466286622,19850596,753.49,0.431,"buy"
1466286631,19850608,753.1,0.27802125,"sell"
1466286634,19850612,753.14,0.27,"buy"
1466286658,19850676,752.83,1,"sell"
1466286659,19850678,752.83,7.68209541,"sell"
1466286659,19850680,752.83,6.5973,"sell"
1466286660,19850682,752.8,0.737817,"buy"
1466286672,19850690,752.7,1.2,"sell"
1466286672,19850692,752.71,6.57,"sell"
1466286678,19850714,752.8,0.9879023,"buy"
1466286678,19850716,752.8,0.262183,"buy"
1466286678,19850718,752.8,0.25348108,"buy"
1466286680,19850726,752.8,0.01314707,"buy"
1466286680,19850732,752.8,0.0220219,"buy"
1466286680,19850734,752.8,0.02538646,"buy"
1466286688,19850740,752.73,0.14712754,"sell"
1466286699,19850774,752.78,0.91250723,"buy"
1466286701,19850780,752.7,0.482872,"sell"
1466286701,19850782,752.7,2.52658806,"buy"
1466286701,19850784,752.7,0.02541523,"buy"
1466286704,19850792,752.4,6.6142,"sell"
1466286704,19850794,752.6,0.028919,"sell"
1466286704,19850796,752.37,0.356881,"sell"
1466286717,19850812,752.38,6.93,"sell"
1466286717,19850814,752.69,2.44204846,"sell"
1466286717,19850816,752.38,6.6165,"sell"
1466286717,19850818,752.6,0.036185,"sell"
1466286717,19850820,752.68,0.566516,"sell"
1466286717,19850822,752.37,13.19875054,"sell"
1466286722,19850856,752.69,0.043461,"sell"
1466286724,19850858,752.69,0.132708,"sell"
1466286725,19850860,752.69,0.325,"sell"
1466286728,19850866,752.37,0.95966968,"sell"
1466286728,19850868,752.69,1.01261632,"sell"
1466286728,19850870,752.69,0.026214,"sell"
1466286728,19850872,752.5,0.5015,"sell"
1466286732,19850878,752.7,0.145091,"buy"
1466286742,19850896,752.38,0.038648,"sell"
1466286746,19850898,752.7,0.14,"buy"
1466286753,19850926,752.68,0.21967776,"buy"
1466286754,19850930,752.68,0.02203814,"buy"
1466286769,19850998,752.67,0.02549798,"buy"
1466286769,19851002,752.67,0.1041998,"buy"
1466286769,19851004,752.7,0.383729,"buy"
1466286770,19851012,752.7,0.08539336,"buy"
1466286772,19851026,752.7,0.10395955,"buy"
1466286773,19851030,752.7,0.56452721,"buy"
1466286774,19851044,752.67,0.02549798,"sell"
1466286774,19851048,752.44,0.09532251,"sell"
1466286774,19851062,752.67,0.12917951,"sell"
1466286776,19851072,752.69,0.05332507,"buy"
1466286779,19851080,752.7,0.32099209,"buy"
1466286781,19851086,752.7,0.152,"buy"
1466286782,19851098,752.7,0.47005766,"buy"
1466286782,19851108,752.7,2.9038267,"buy"
1466286783,19851116,752.7,0.27844037,"buy"
1466286784,19851122,752.7,0.19119237,"buy"
1466286785,19851126,752.68,1.00119324,"sell"
1466286784,19851128,752.7,2.45,"buy"
1466286785,19851134,752.7,0.18819736,"buy"
1466286788,19851160,752.7,0.02526507,"buy"
1466286794,19851190,752.46,0.9,"sell"
1466286794,19851192,752.44,14.1,"sell"
1466286803,19851214,752.47,2,"sell"
1466286810,19851230,752.69,0.01765572,"buy"
1466286813,19851238,752.47,0.20357466,"sell"
1466286813,19851240,752.38,0.06998318,"sell"
1466286823,19851256,752.41,0.08684305,"sell"
1466286823,19851258,752.4,3.91315695,"sell"
1466286835,19851284,752.7,0.24,"buy"
1466286848,19851310,752.42,0.13463161,"sell"
1466286857,19851358,752.69,0.01620669,"buy"
1466286860,19851366,752.45,0.02794062,"sell"
1466286867,19851382,752.69,0.0164991,"buy"
1466286878,19851398,752.68,0.01043762,"buy"
1466286883,19851408,752.4,1.30794062,"sell"
1466286883,19851410,752.41,8.02,"sell"
1466286883,19851412,752.45,0.67205938,"sell"
1466286883,19851416,752.4,5,"sell"
1466286891,19851436,752.41,5.15,"sell"
1466286891,19851438,752.4,4.85,"sell"
1466286892,19851440,752.68,0.040788,"buy"
1466286892,19851442,752.68,0.06,"buy"
1466286892,19851444,752.69,0.18153274,"buy"
1466286898,19851450,752.69,0.67,"buy"
1466286898,19851452,752.69,0.7,"buy"
1466286904,19851466,752.69,0.27,"buy"
1466286904,19851468,752.68,0.43,"buy"
1466286905,19851470,752.69,0.019568,"buy"
1466286905,19851472,752.7,3.32245297,"buy"
1466286905,19851474,752.68,0.019457,"buy"
1466286905,19851476,752.69,13.14576147,"buy"
1466286905,19851478,752.7,0.98056056,"buy"
1466286907,19851480,752.7,0.01943944,"buy"
1466286910,19851488,752.99,0.58056056,"buy"
1466286911,19851492,752.99,4.82345113,"buy"
1466286911,19851494,753,0.17654887,"buy"
1466286915,19851500,752.98,0.328,"buy"
1466286915,19851502,752.99,3.672,"buy"
1466286941,19851564,752.81,0.65251108,"sell"
1466286966,19851618,752.85,0.05327116,"sell"
1466286967,19851628,752.99,0.01281049,"buy"
1466286991,19851662,752.98,2.96621776,"sell"
1466286991,19851664,752.98,6.6301,"sell"
1466286991,19851666,752.97,0.40368224,"sell"
1466287012,19851706,752.99,0.1951,"sell"
1466287015,19851712,753,0.133978,"buy"
1466287020,19851726,752.99,0.22155237,"sell"
1466287029,19851734,752.81,0.02450809,"sell"
1466287029,19851736,752.99,0.01026991,"sell"
1466287030,19851738,752.8,0.0522862,"sell"
1466287033,19851740,752.8,0.032503,"sell"
1466287039,19851744,752.81,0.018719,"sell"
1466287042,19851746,752.81,0.029169,"sell"
1466287066,19851754,753,0.04822687,"buy"
1466287066,19851756,753,0.5,"buy"
1466287066,19851758,752.99,0.329,"buy"
1466287066,19851760,753,0.12277313,"buy"
1466287075,19851766,752.81,0.13307532,"sell"
1466287089,19851774,753.08,0.22155237,"buy"
1466287089,19851776,753.09,0.329,"buy"
1466287089,19851778,753.19,9.31414763,"buy"
1466287089,19851780,753.1,0.1353,"buy"
1466287095,19851782,753.19,1,"buy"
1466287107,19851800,753,0.39921009,"sell"
1466287112,19851812,753,20,"sell"
1466287124,19851820,753,10,"sell"
1466287127,19851824,753,6.57,"sell"
1466287127,19851826,753,11.60078991,"sell"
1466287142,19851838,752.81,0.011859,"sell"
1466287147,19851840,752.8,0.07824032,"sell"
1466287147,19851842,752.81,0.10717768,"sell"
1466287205,19851918,752.99,0.02685207,"buy"
1466287225,19851950,752.99,10,"buy"
1466287232,19851954,752.9,0.012,"sell"
1466287261,19852006,752.9,0.062,"sell"
1466287261,19852008,752.9,0.038,"sell"
1466287276,19852012,752.84,0.37196821,"buy"
1466287278,19852014,752.84,0.514405,"buy"
1466287303,19852024,752.84,0.39914,"buy"
1466287314,19852026,752.83,0.15732438,"sell"
1466287314,19852028,752.57,2.7,"sell"
1466287314,19852030,752.59,6.6106,"sell"
1466287314,19852032,752.8,0.83697048,"sell"
1466287316,19852034,752.5,0.16573034,"buy"
1466287320,19852036,752.38,0.16573034,"buy"
1466287329,19852050,752.01,4.9536474,"sell"
1466287329,19852052,752.37,1.0463526,"sell"
1466287330,19852054,752.38,0.74,"buy"
1466287338,19852056,752.01,1.03119226,"buy"
1466287350,19852060,752.08,0.80022781,"sell"
1466287398,19852136,752.14,0.35647242,"sell"
1466287419,19852150,752.19,0.04362681,"sell"
1466287419,19852158,752.19,0.1100746,"sell"
1466287421,19852162,752.19,0.04362681,"sell"
1466287421,19852164,752.19,0.04362681,"sell"
1466287440,19852206,752.08,6.6263,"sell"
1466287440,19852208,752,4.9437,"sell"
1466287463,19852236,752.07,3.5785286,"sell"
1466287475,19852264,752.45,0.1,"buy"
1466287481,19852334,752.11,4.86714791,"sell"
1466287481,19852336,752.02,4.66564352,"sell"
1466287487,19852340,752.02,0.039,"sell"
1466287510,19852408,752,0.1,"sell"
1466287511,19852414,752,0.0263,"sell"
1466287511,19852416,752,0.3737,"sell"
1466287512,19852420,752.01,0.1150854,"buy"
1466287514,19852424,752.01,0.22424411,"buy"
1466287515,19852432,752.01,0.1150854,"buy"
1466287517,19852436,752.01,0.1150854,"buy"
1466287517,19852438,751.95,18,"sell"
1466287517,19852442,752,0.8263,"sell"
1466287517,19852446,751.86,1.1737,"sell"
1466287518,19852452,751.9,0.03359981,"buy"
1466287519,19852454,751.9,0.19308162,"buy"
1466287522,19852468,751.9,0.1521897,"buy"
1466287522,19852470,751.87,0.12911347,"sell"
1466287522,19852474,751.9,0.01208311,"buy"
1466287522,19852478,751.9,0.09263721,"buy"
1466287524,19852490,751.89,0.01848356,"buy"
1466287527,19852508,751.89,0.11475508,"buy"
1466287528,19852516,751.89,0.10802416,"buy"
1466287529,19852518,751.9,0.02842484,"buy"
1466287529,19852520,751.89,0.0887372,"buy"
1466287531,19852534,751.9,0.10802416,"buy"
1466287533,19852538,751.87,0.11716204,"buy"
1466287534,19852540,751.84,1.14746406,"sell"
1466287534,19852542,751.85,1.07253594,"sell"
1466287544,19852544,751.84,0.1,"sell"
1466287551,19852576,751.85,0.04847238,"buy"
1466287553,19852584,751.85,0.05990742,"buy"
1466287553,19852592,751.85,0.02760397,"buy"
1466287554,19852596,751.85,0.09292579,"buy"
1466287554,19852598,751.85,0.05763627,"buy"
1466287555,19852602,751.82,0.543814,"sell"
1466287555,19852604,751.84,0.82036778,"sell"
1466287555,19852608,751.8,0.1,"sell"
1466287555,19852610,751.77,0.59355845,"sell"
1466287556,19852620,751.85,0.21445235,"buy"
1466287556,19852628,751.85,0.02828854,"buy"
1466287557,19852632,751.85,0.01821932,"buy"
1466287558,19852638,751.85,0.06322457,"buy"
1466287560,19852644,751.85,0.06322457,"buy"
1466287561,19852648,751.85,0.07019049,"buy"
1466287562,19852652,751.85,0.21068138,"buy"
1466287563,19852654,751.85,0.20810141,"buy"
1466287564,19852658,751.85,0.01497553,"buy"
1466287565,19852668,751.85,0.01497553,"buy"
1466287565,19852672,751.85,0.01500254,"buy"
1466287566,19852676,751.84,0.432,"sell"
1466287566,19852678,751.84,0.324789,"sell"
1466287569,19852682,751.77,0.1,"sell"
1466287570,19852684,751.79,0.719542,"buy"
1466287574,19852688,751.79,0.08792114,"buy"
1466287586,19852698,751.79,0.805561,"buy"
1466287605,19852708,751.77,0.30644155,"sell"
1466287605,19852710,751.75,10,"sell"
1466287605,19852712,751.7,0.25,"sell"
1466287605,19852714,751.73,0.1,"sell"
1466287606,19852738,751.79,3.65644155,"buy"
1466287606,19852740,751.7,1.34355845,"buy"
1466287620,19852756,751.7,0.06562905,"buy"
1466287621,19852762,751.7,0.06562905,"buy"
1466287668,19852790,751.5,11,"sell"
1466287671,19852814,751.18,0.01,"sell"
1466287671,19852816,751,3.23700344,"sell"
1466287671,19852818,751.01,0.305191,"sell"
1466287671,19852822,751.01,0.41,"sell"
1466287671,19852828,751.3,0.4,"sell"
1466287671,19852834,751.5,0.89,"sell"
1466287678,19852844,750.75,1,"sell"
1466287679,19852856,750.47,0.05477207,"sell"
1466287689,19852890,750.47,0.0551156,"sell"
1466287714,19852930,750.33,0.28827152,"sell"
1466287714,19852932,750.47,0.02011233,"sell"
1466287721,19852940,750.03,0.779469,"sell"
1466287721,19852942,750.33,0.46172848,"sell"
1466287721,19852944,750,3.57,"sell"
1466287721,19852946,750,0.18880252,"sell"
1466287723,19852948,750.1,0.429944,"sell"
1466287723,19852950,750,0.81119748,"sell"
1466287723,19852952,750,6.75885852,"sell"
1466287739,19852958,750.01,0.06,"sell"
1466287739,19852960,751,2.44,"sell"
1466287747,19852964,749.45,0.1,"sell"
1466287747,19852966,750.01,0.486127,"sell"
1466287747,19852968,749.06,2.99263152,"sell"
1466287747,19852970,750,3.24114148,"sell"
1466287752,19852972,749.03,0.110394,"sell"
1466287752,19852974,749.04,0.5,"sell"
1466287752,19852976,749.04,0.389606,"sell"
1466287752,19852978,749.03,0.4,"sell"
1466287755,19852980,750.6,0.018,"buy"
1466287773,19852998,750.39,1.5,"buy"
1466287787,19853000,750,0.2,"sell"
1466287793,19853002,749.15,10.1949,"sell"
1466287793,19853004,749.12,6.6458,"sell"
1466287793,19853006,749.11,9.79241751,"sell"
1466287802,19853008,749.99,0.2,"sell"
1466287805,19853010,749.15,0.2,"buy"
1466287814,19853012,749.14,0.2,"sell"
1466287814,19853014,749.01,63.976694,"sell"
1466287814,19853016,749.14,0.2,"sell"
1466287814,19853018,749.03,8.489606,"sell"
1466287814,19853020,749.04,0.5,"sell"
1466287814,19853022,749.04,6.6337,"sell"
1466287820,19853024,749.01,1.05582844,"sell"
1466287820,19853026,749.02,0.25,"sell"
1466287835,19853032,749.03,2.4,"sell"
1466287835,19853034,749,0.01,"sell"
1466287835,19853036,749.01,34.96747756,"sell"
1466287835,19853038,748.94,5,"sell"
1466287835,19853040,748.75,8.80820489,"sell"
1466287836,19853042,749.01,0.25,"buy"
1466287839,19853052,749.01,0.0461,"buy"
1466287843,19853058,748.75,0.25,"sell"
1466287843,19853060,748.75,0.25,"sell"
1466287855,19853068,749,0.3,"sell"
1466287855,19853070,749,0.2,"sell"
1466287855,19853072,748.75,3.5,"sell"
1466287867,19853100,748.73,0.25669,"sell"
1466287869,19853102,749,0.433,"buy"
1466287869,19853104,749.01,12.30034801,"buy"
1466287893,19853116,749.09,0.433,"buy"
1466287893,19853118,749.1,0.23682218,"buy"
1466287918,19853128,749.1,0.011,"buy"
1466287941,19853130,749.09,0.2,"sell"
1466287941,19853132,749.02,0.2,"sell"
1466287941,19853134,749.09,0.2,"sell"
1466287941,19853136,749.09,0.102,"sell"
1466287941,19853138,749.01,3.1994946,"sell"
1466287942,19853140,748.87,0.08784261,"sell"
1466287942,19853142,749,10,"sell"
1466287942,19853144,749.01,0.845,"sell"
1466287942,19853146,749.01,4.06715739,"sell"
1466287993,19853170,749.09,0.02,"sell"
1466287993,19853172,748.83,0.1137789,"sell"
1466287996,19853174,749.1,4.75217782,"buy"
1466287996,19853176,749.11,0.33,"buy"
1466287999,19853178,748.85,1.5,"sell"
1466287999,19853180,749.15,3.17,"buy"
1466287999,19853182,749.12,0.432,"buy"
1466287999,19853184,749.14,6.6722,"buy"
1466288006,19853190,749.99,1,"buy"
1466288006,19853192,749.84,0.37918787,"sell"
1466288007,19853194,749.99,0.3,"buy"
1466288008,19853196,749.99,8.7,"buy"
1466288008,19853198,750,0.03396746,"buy"
1466288008,19853200,751.6,12.55,"buy"
1466288008,19853202,751.88,5,"buy"
1466288008,19853204,751.98,8.64,"buy"
1466288008,19853206,750.5,8,"buy"
1466288008,19853208,751.96,13.0507,"buy"
1466288008,19853210,751.99,4.02533254,"buy"
1466288009,19853212,749.84,0.33,"sell"
1466288017,19853216,750.49,0.845,"sell"
1466288018,19853218,751.99,1.75,"buy"
1466288050,19853234,751.99,0.432,"buy"
1466288050,19853236,751.98,0.33,"buy"
1466288050,19853238,751.99,9.78466746,"buy"
1466288077,19853242,752,0.3,"buy"
1466288079,19853244,751.99,0.45333254,"sell"
1466288079,19853246,751.99,1.225,"sell"
1466288098,19853250,751.9,0.5,"buy"
1466288103,19853252,751.9,0.10715881,"buy"
1466288104,19853266,751.9,0.21450865,"buy"
1466288104,19853268,751.9,2.56666316,"buy"
1466288105,19853276,752,2,"buy"
1466288106,19853278,752,0.02761012,"buy"
1466288106,19853280,751.89,0.33,"sell"
1466288109,19853282,751.9,0.432,"buy"
1466288112,19853284,752,5,"buy"
1466288114,19853286,752,0.1,"buy"
1466288116,19853288,751.95,0.02025978,"sell"
1466288118,19853290,751.73,6.6271,"sell"
1466288118,19853292,751.95,0.07187522,"sell"
1466288118,19853294,751.88,2.23666316,"sell"
1466288118,19853296,751.72,0.06436162,"sell"
1466288124,19853300,752,0.44222575,"buy"
1466288124,19853302,751.99,0.33,"buy"
1466288130,19853304,751.72,0.28702001,"sell"
1466288189,19853358,750.88,0.02,"sell"
1466288282,19853434,750.99,0.025,"sell"
1466288287,19853436,750.5,6.6389,"sell"
1466288287,19853438,750.99,0.05147037,"sell"
1466288353,19853448,750.74,4.02160451,"sell"
1466288353,19853450,750.74,5,"sell"
1466288365,19853454,750.76,1.61423851,"sell"
1466288365,19853456,750.74,0.38576149,"buy"
1466288368,19853460,750.97,0.15,"buy"
1466288379,19853462,750.97,0.25,"buy"
1466288404,19853470,750.97,1,"sell"
1466288406,19853472,750.98,0.0151,"buy"
1466288428,19853478,750.97,0.53402478,"sell"
1466288441,19853484,750.98,0.01534083,"buy"
1466288457,19853486,750.9,0.68422922,"sell"
1466288468,19853488,750.87,0.09176465,"sell"
1466288497,19853490,750.24,8.3861,"sell"
1466288497,19853492,750.26,6.6139,"sell"
1466288503,19853494,750.27,0.33,"sell"
1466288503,19853496,750.24,11.6139,"sell"
1466288503,19853498,750.23,3.0561,"sell"
1466288504,19853500,750.3,0.17210823,"buy"
1466288505,19853508,750.3,0.04999492,"buy"
1466288508,19853512,749.82,0.02669554,"sell"
1466288509,19853514,750.28,0.193335,"sell"
1466288509,19853516,750.27,0.011,"buy"
1466288512,19853520,750.36,0.177,"buy"
1466288512,19853522,750.26,0.173335,"sell"
1466288512,19853526,750.28,0.105665,"sell"
1466288512,19853528,750.37,0.153,"sell"
1466288514,19853532,750.26,0.05,"sell"
1466288522,19853538,750.9,0.1,"buy"
1466288526,19853542,750.26,0.75944361,"buy"
1466288539,19853548,750.25,0.19038284,"buy"
1466288548,19853552,749.81,0.07605393,"sell"
1466288558,19853560,750.2,0.19039553,"buy"
1466288612,19853570,750.18,0.0516,"buy"
1466288637,19853578,749.88,0.10080472,"sell"
1466288658,19853586,750.17,0.432,"buy"
1466288726,19853600,750.2,0.33,"buy"
1466288726,19853602,750.25,6.6341,"buy"
1466288726,19853604,750.26,0.40779553,"buy"
1466288726,19853606,750.2,14.80960447,"buy"
1466288726,19853608,750.26,0.580113,"buy"
1466288726,19853610,750.18,0.25,"buy"
1466288794,19853640,750.25,0.06064236,"buy"
1466288810,19853644,750.25,0.048687,"sell"
1466288811,19853646,750.26,8.25264786,"buy"
1466288814,19853674,750.26,0.060025,"sell"
1466288814,19853676,750.39,0.02508351,"sell"
1466288819,19853686,750.7,0.12963336,"sell"
1466288823,19853694,750.72,0.01357999,"sell"
1466288885,19853714,750.76,0.06010661,"sell"
1466288899,19853720,750.89,0.01515298,"sell"
1466288934,19853724,750.9,0.25,"buy"
1466288934,19853726,750.9,0.25,"buy"
1466288934,19853728,750.9,0.05588078,"buy"
1466288962,19853734,751.84,0.04620305,"sell"
1466288968,19853736,751.94,0.05,"sell"
1466288974,19853740,751.95,0.28702001,"buy"
1466288974,19853742,751.97,0.02697999,"buy"
1466288988,19853744,751.97,2,"buy"
1466288989,19853746,751.96,0.66721093,"sell"
1466289005,19853752,751.97,0.07679233,"sell"
1466289010,19853756,752,0.00466099,"buy"
1466289010,19853758,751.98,0.28702001,"buy"
1466289010,19853760,751.99,0.33,"buy"
1466289012,19853772,751.97,0.02526638,"sell"
1466289012,19853776,751.97,0.07709438,"sell"
1466289013,19853780,751.97,0.07709438,"sell"
1466289015,19853786,751.97,0.0318834,"sell"
1466289016,19853796,751.97,0.07652976,"sell"
1466289017,19853816,751.97,0.18856534,"sell"
1466289018,19853820,751.97,0.07652976,"sell"
1466289018,19853822,751.97,0.12754703,"sell"
1466289018,19853826,751.97,0.07652976,"sell"
1466289019,19853840,751.97,0.13159529,"sell"
1466289019,19853848,751.97,0.0171646,"sell"
1466289020,19853854,751.97,0.12754703,"sell"
1466289021,19853870,751.97,0.13159529,"sell"
1466289021,19853872,751.97,0.0171646,"sell"
1466289037,19853914,751.98,0.1,"buy"
1466289064,19853922,751.9,0.4,"buy"
1466289066,19853924,751.9,0.1,"buy"
1466289075,19853926,751.89,0.33,"sell"
1466289079,19853928,751.89,0.03073861,"sell"
1466289092,19853946,751.77,1.67,"sell"
1466289092,19853948,751.76,5,"sell"
1466289109,19853952,751.55,0.13325229,"sell"
1466289121,19853956,751.55,0.028,"sell"
1466289122,19853958,751.55,1,"sell"
1466289126,19853960,751.7,0.9276,"buy"
1466289126,19853962,751.7,0.2,"buy"
1466289127,19853964,751.69,0.207,"buy"
1466289127,19853966,751.69,0.1,"buy"
1466289131,19853968,751.56,0.12024414,"sell"
1466289141,19853970,751.56,6.6491,"sell"
1466289141,19853972,751.55,12.319,"sell"
1466289141,19853974,751.54,1.0935,"sell"
1466289141,19853976,751.56,9.9384,"sell"
1466289142,19853978,751.55,0.010978,"sell"
1466289146,19853982,751.7,0.011,"buy"
1466289159,19853984,751.55,0.010978,"sell"
1466289159,19853986,751.51,3.618856,"sell"
1466289159,19853988,751.55,11.1909,"sell"
1466289159,19853990,751.55,4.878044,"sell"
1466289159,19853992,751.55,10.3122,"sell"
1466289174,19853996,751.7,0.1,"buy"
1466289175,19853998,751.55,11.9943,"sell"
1466289175,19854000,751.56,0.08265936,"sell"
1466289175,19854002,751.56,11.7655,"sell"
1466289175,19854004,751.55,6.15754064,"sell"
1466289188,19854006,751.57,0.02199218,"sell"
1466289201,19854008,751.69,0.2,"sell"
1466289202,19854010,751.59,0.17183762,"buy"
1466289212,19854012,751.52,0.07274258,"sell"
1466289212,19854014,751.5,7.42725742,"sell"
1466289246,19854016,751.58,0.32718753,"sell"
1466289276,19854018,751.58,0.03466588,"sell"
1466289286,19854020,751.58,0.51516959,"sell"
1466289286,19854022,751.58,6.98483041,"sell"
1466289293,19854026,751.58,0.01516959,"sell"
1466289293,19854028,751.58,5.97519587,"sell"
1466289293,19854030,751.5,0.57274258,"sell"
1466289322,19854066,751.47,0.01834062,"sell"
1466289367,19854076,751.49,0.011,"buy"
1466289403,19854078,751.48,0.206,"buy"
1466289404,19854080,751.28,2.51901604,"sell"
1466289404,19854082,751.01,11.1196,"sell"
1466289404,19854084,751.26,2.647,"sell"
1466289404,19854086,751.26,2.925,"sell"
1466289404,19854088,751.02,6.6462,"sell"
1466289406,19854090,750.99,10.8538,"sell"
1466289406,19854092,750.9,4.42894314,"sell"
1466289406,19854094,750.96,0.58,"sell"
1466289406,19854096,750.96,12.2529,"sell"
1466289406,19854098,750.9,2.45538647,"sell"
1466289406,19854100,750.94,5,"sell"
1466289406,19854102,750.95,4.42897039,"sell"
1466289409,19854104,751,0.32,"buy"
1466289410,19854106,751,0.3,"buy"
1466289411,19854148,751,0.08758056,"buy"
1466289412,19854150,751,0.08120736,"buy"
1466289413,19854156,751,0.02767822,"buy"
1466289413,19854158,751,0.2,"buy"
1466289413,19854162,750.99,4.42771751,"sell"
1466289413,19854164,750.99,0.57228249,"sell"
1466289415,19854166,751,1.715,"buy"
1466289415,19854168,751,0.83823723,"buy"
1466289438,19854176,751.23,0.73723702,"sell"
1466289438,19854178,751.13,0.1,"sell"
1466289438,19854180,751.11,6.6326,"sell"
1466289438,19854182,751.1,1,"sell"
1466289440,19854184,751.01,0.73723702,"sell"
1466289440,19854186,751,0.26276298,"sell"
1466289446,19854188,751,0.02845,"sell"
1466289465,19854192,751.1,0.1,"buy"
1466289468,19854194,751.1,0.1,"buy"
1466289482,19854196,751.1,1.33016298,"buy"
1466289482,19854198,751.49,2.82905402,"buy"
1466289482,19854200,751.33,0.329,"buy"
1466289482,19854202,751.48,0.022783,"buy"
1466289482,19854204,751.49,0.25,"buy"
1466289482,19854206,751.49,0.239,"buy"
1466289486,19854208,751.02,0.02677048,"sell"
1466289522,19854218,751.17,0.01410657,"sell"
1466289522,19854220,751.36,0.51308,"sell"
1466289522,19854222,751.16,0.29245029,"sell"
1466289522,19854224,751.16,4.42681914,"sell"
1466289525,19854236,751.4,0.04388795,"buy"
1466289541,19854240,751.37,0.02812,"sell"
1466289558,19854242,751.4,0.1,"buy"
1466289560,19854244,751.4,0.1,"buy"
1466289570,19854246,751.4,9.75611205,"buy"
1466289574,19854248,751.59,0.92166238,"buy"
1466289574,19854250,751.59,6.6101,"buy"
1466289574,19854252,751.6,1.53134566,"buy"
1466289574,19854254,751.5,0.93689196,"buy"
1466289577,19854256,751.6,1,"buy"
1466289583,19854258,751.6,1,"buy"
1466289587,19854260,751.6,1,"buy"
1466289587,19854274,751.6,0.12149303,"buy"
1466289589,19854276,751.6,0.2,"buy"
1466289602,19854290,751.6,1.6457,"buy"
1466289603,19854292,751.6,0.11484541,"buy"
1466289606,19854294,751.59,1.48500042,"sell"
1466289631,19854306,751.59,0.2,"sell"
1466289645,19854310,751.59,0.72173095,"sell"
1466289645,19854316,751.59,0.11483608,"sell"
1466289661,19854332,751.59,0.152816,"sell"
1466289661,19854336,751.6,0.01126067,"buy"
1466289662,19854338,751.59,0.1916394,"sell"
1466289662,19854340,751.59,0.11749419,"sell"
1466289662,19854342,751.6,0.19377566,"buy"
1466289663,19854362,751.59,0.26688153,"sell"
1466289663,19854366,751.59,0.03344971,"sell"
1466289663,19854372,751.59,0.11748992,"sell"
1466289663,19854374,751.6,0.16182345,"buy"
1466289683,19854380,751.6,0.018,"buy"
1466289704,19854386,751.6,1.37659992,"buy"
1466289704,19854388,751.7,8.62340008,"buy"
1466289726,19854392,751.59,0.2644,"sell"
1466289726,19854394,751.59,0.07843345,"sell"
1466289742,19854402,751.59,0.020141,"sell"
1466289763,19854406,752,0.01,"buy"
1466289763,19854408,752.58,0.329,"buy"
1466289763,19854410,751.7,3.46799992,"buy"
1466289763,19854412,753.3,11.6875,"buy"
1466289763,19854414,753,0.1,"buy"
1466289763,19854416,752.7,0.1,"buy"
1466289763,19854418,752,1.75,"buy"
1466289763,19854420,751.68,0.2,"buy"
1466289763,19854422,753,21.524,"buy"
1466289763,19854424,751.9,16.5091582,"buy"
1466289763,19854426,753.61,8.6,"buy"
1466289763,19854428,753.5,0.1,"buy"
1466289763,19854430,753.38,0.43,"buy"
1466289763,19854432,753.62,12.8043,"buy"
1466289763,19854434,754.15,3.63,"buy"
1466289763,19854436,754,0.01,"buy"
1466289763,19854438,754.03,13.381,"buy"
1466289763,19854440,754.17,0.1,"buy"
1466289763,19854442,754.37,5.26704188,"buy"
1466289777,19854450,754.38,13.5134,"buy"
1466289781,19854452,754.11,0.1,"sell"
1466289796,19854454,754.28,0.841303,"sell"
1466289799,19854456,754,8,"buy"
1466289805,19854458,753.96,0.017964,"sell"
1466289810,19854460,753.96,0.27152683,"sell"
1466289811,19854464,753.99,0.5,"buy"
1466289811,19854466,754,0.5,"buy"
1466289815,19854468,753.96,0.03488817,"sell"
1466289815,19854470,753.86,6.5916,"sell"
1466289815,19854472,753.86,13.86704188,"sell"
1466289815,19854474,753.85,5,"sell"
1466289830,19854476,753.98,0.671,"buy"
1466289830,19854478,753.98,0.329,"buy"
1466289836,19854484,753.96,0.671,"sell"
1466289836,19854486,753.96,3,"sell"
1466289847,19854490,753.35,0.010019,"sell"
1466289849,19854492,753.21,2.34989041,"sell"
1466289849,19854494,753.21,0.19974563,"sell"
1466289855,19854498,752.95,0.011088,"sell"
1466289868,19854504,752.96,0.39869647,"sell"
1466289870,19854506,752.96,0.266,"sell"
1466289886,19854512,752.96,0.013577,"sell"
1466289903,19854518,753.51,0.13073883,"buy"
1466289903,19854520,753.5,0.010019,"buy"
1466289932,19854546,753,1.2865,"buy"
1466289937,19854550,753,28.7135,"buy"
1466289937,19854552,753.9,8,"buy"
1466289937,19854554,753,6.7,"buy"
1466289937,19854556,753.21,0.43,"buy"
1466289937,19854558,753.42,0.329,"buy"
1466289937,19854560,754,5.8275,"buy"
1466289938,19854562,752.99,5.32212317,"sell"
1466289938,19854564,752.99,4.67787683,"sell"
1466289956,19854578,753.06,6.6096,"sell"
1466289956,19854580,753,1.14366876,"sell"
1466289956,19854582,753.05,2.24673124,"sell"
1466289961,19854590,753.07,0.0299469,"sell"
1466289961,19854594,753.07,0.03016921,"sell"
1466289961,19854598,753.99,0.16594563,"buy"
1466289963,19854600,753.08,0.02558702,"sell"
1466289963,19854606,753.08,0.0299469,"sell"
1466289964,19854608,753.99,0.00289126,"buy"
1466289964,19854610,753.99,0.16305437,"buy"
1466289964,19854612,753.35,0.02727795,"sell"
1466289966,19854614,754.36,0.023803,"buy"
1466289966,19854616,754,0.076197,"buy"
1466289968,19854618,753.36,0.13054946,"sell"
1466290004,19854632,754.52,4.40515158,"sell"
1466290004,19854634,754.53,0.83881834,"sell"
1466290004,19854636,754.52,4.40515158,"sell"
1466290005,19854638,754.49,0.3508785,"buy"
1466290034,19854642,754.99,20,"buy"
1466290034,19854644,754.68,2.8,"buy"
1466290034,19854646,754.88,4,"buy"
1466290034,19854648,754.69,10,"buy"
1466290034,19854650,755,0.1,"buy"
1466290034,19854652,755,0.01,"buy"
1466290034,19854654,755,0.1,"buy"
1466290034,19854656,755,2.34,"buy"
1466290034,19854658,755,9.5,"buy"
1466290034,19854660,755,0.8,"buy"
1466290034,19854662,755,0.35,"buy"
1466290037,19854664,755,0.2,"buy"
1466290041,19854666,755,5,"buy"
1466290043,19854668,755,20,"buy"
1466290065,19854672,755,0.17,"buy"
1466290072,19854676,755,0.9,"buy"
1466290073,19854678,755,0.4,"buy"
1466290081,19854680,755,0.11550314,"buy"
1466290086,19854684,755.55,10,"buy"
1466290086,19854686,755.55,20,"buy"
1466290089,19854688,755.55,9,"buy"
1466290091,19854692,755.55,1,"buy"
1466290091,19854694,756.91,5.50279924,"buy"
1466290091,19854696,755.9,5,"buy"
1466290092,19854698,755.54,0.93140358,"sell"
1466290091,19854700,755.99,10.98720076,"buy"
1466290091,19854702,756,0.01,"buy"
1466290091,19854704,756.3,2.5,"buy"
1466290098,19854708,756.15,0.02,"buy"
1466290101,19854710,756.42,0.23960367,"sell"
1466290101,19854716,756.42,0.30019989,"sell"
1466290101,19854718,756.42,0.03915977,"sell"
1466290102,19854724,756.43,0.04783429,"sell"
1466290102,19854726,756.43,0.03404486,"sell"
1466290103,19854728,756.43,0.03064648,"sell"
1466290103,19854736,756.43,0.2349564,"sell"
1466290104,19854738,756.95,0.26348489,"buy"
1466290104,19854740,757,0.01,"buy"
1466290104,19854742,757.17,0.5582322,"buy"
1466290104,19854744,757.01,0.4317678,"buy"
1466290106,19854746,756.95,0.0531,"sell"
1466290106,19854748,757.17,1.8417678,"buy"
1466290106,19854750,757.99,0.08808898,"buy"
1466290106,19854752,757.98,0.07014322,"buy"
1466290108,19854760,757.99,75,"buy"
1466290108,19854762,757.98,0.05384244,"buy"
1466290108,19854764,757.99,0.94615756,"buy"
1466290109,19854766,756.99,0.0531,"sell"
1466290110,19854772,757,0.0531,"sell"
1466290110,19854774,757.97,0.04116041,"buy"
1466290110,19854776,757.99,8.79853959,"buy"
1466290111,19854778,757.99,10,"buy"
1466290113,19854786,757.16,0.0531,"sell"
1466290119,19854788,757.29,0.0531,"sell"
1466290123,19854790,757.99,1,"buy"
1466290126,19854800,758,0.01,"buy"
1466290126,19854802,757.99,4.16721387,"buy"
1466290126,19854804,758,0.82278613,"buy"
1466290127,19854808,757.35,0.2,"sell"
1466290127,19854810,757.35,0.15222995,"sell"
1466290127,19854812,757.35,6.5528,"sell"
1466290127,19854814,757.36,9.4277,"sell"
1466290128,19854816,758,1.14317996,"buy"
1466290128,19854818,757.3,0.15089383,"buy"
1466290128,19854820,757.3,0.73960617,"buy"
1466290128,19854822,758,0.11721387,"buy"
1466290130,19854826,757.99,0.1,"buy"
1466290138,19854830,757.92,0.0531,"sell"
1466290145,19854832,757.99,0.25,"buy"
1466290145,19854834,757.99,6.4935,"buy"
1466290145,19854836,758.36,2.52152,"buy"
1466290145,19854838,758.36,1.06,"buy"
1466290145,19854840,758,0.73498,"buy"
1466290148,19854842,758.17,0.0531,"sell"
1466290148,19854844,758.17,0.011,"sell"
1466290149,19854846,758.36,0.15278592,"buy"
1466290153,19854848,758.35,0.0531,"sell"
1466290154,19854850,758.36,1.26569408,"buy"
1466290162,19854854,758.51,0.06160632,"sell"
1466290162,19854858,758.67,2.035,"buy"
1466290164,19854860,758.51,0.06160632,"sell"
1466290167,19854866,758.51,0.04914616,"sell"
1466290168,19854870,758.66,0.01692579,"buy"
1466290168,19854872,758.66,0.1944,"buy"
1466290168,19854874,758.67,2.965,"buy"
1466290168,19854876,758.67,0.06383638,"sell"
1466290169,19854878,758.67,0.0531,"sell"
1466290170,19854884,758.8,0.82133473,"sell"
1466290170,19854886,758.8,0.04019327,"sell"
1466290170,19854892,758.8,0.75744709,"sell"
1466290170,19854896,758.8,0.06396329,"sell"
1466290170,19854898,758.99,0.25,"buy"
1466290170,19854902,759,1,"buy"
1466290170,19854904,759,0.01,"buy"
1466290170,19854906,759,1.8992,"buy"
1466290171,19854914,758.8,0.02531356,"sell"
1466290178,19854928,758.82,0.10168982,"sell"
1466290182,19854930,758.82,0.1025747,"sell"
1466290185,19854934,758.82,0.1025747,"sell"
1466290187,19854938,758.98,0.1025747,"sell"
1466290188,19854944,759,3.1008,"buy"
1466290188,19854946,759.8,5,"buy"
1466290188,19854948,758.99,0.01425419,"buy"
1466290188,19854950,760,5.22744581,"buy"
1466290188,19854952,760,0.01,"buy"
1466290188,19854954,759.99,0.25,"buy"
1466290188,19854956,759,0.3975,"buy"
1466290188,19854958,759.77,1,"buy"
1466290189,19854962,758.99,0.01712442,"buy"
1466290189,19854972,758.99,0.01077976,"sell"
1466290190,19854980,758.99,0.02682117,"sell"
1466290191,19854984,759,0.10965541,"sell"
1466290191,19854994,759,0.39779966,"sell"
1466290191,19854996,759,1.090014,"sell"
1466290193,19855010,758.99,0.01970065,"sell"
1466290194,19855018,758.99,0.11009805,"sell"
1466290195,19855026,758.99,0.01140689,"sell"
1466290196,19855030,758.99,0.01469059,"sell"
1466290198,19855032,759.03,0.11009805,"sell"
1466290201,19855036,759.06,0.11142605,"sell"
1466290203,19855040,759.99,0.05,"buy"
1466290203,19855042,759.99,0.25,"buy"
1466290205,19855044,759.01,0.19620046,"sell"
1466290206,19855046,759.02,0.01389,"sell"
1466290208,19855048,759.01,0.01563,"sell"
1466290208,19855050,759.64,9,"buy"
1466290208,19855052,759.01,4.50379954,"sell"
1466290208,19855054,759.02,6.56101,"sell"
1466290208,19855056,759.91,10.3384,"buy"
1466290208,19855058,759.64,1.6616,"buy"
1466290209,19855060,759.01,0.5,"buy"
1466290211,19855062,758.83,1.35042153,"sell"
1466290211,19855064,758.99,8.64957847,"sell"
1466290213,19855068,758.83,3.64957847,"sell"
1466290213,19855070,758.7,1.47042153,"sell"
1466290216,19855116,758.26,4.38628555,"sell"
1466290216,19855118,758.22,3.64,"sell"
1466290216,19855120,758.21,4.38628555,"sell"
1466290218,19855124,757.29,8.0384,"sell"
1466290218,19855126,757.59,11.9616,"sell"
1466290219,19855128,757.5,6.5865,"buy"
1466290219,19855130,757.5,5.3751,"buy"
1466290263,19855182,757.71,0.0545056,"sell"
1466290263,19855188,758.2,0.0545956,"buy"
1466290265,19855192,757.71,3,"sell"
1466290272,19855200,757.7,0.05456923,"sell"
1466290277,19855210,757.67,0.05458298,"sell"
1466290278,19855212,757.67,0.05458298,"sell"
1466290278,19855216,757.67,11.43373404,"sell"
1466290279,19855218,757.67,5,"buy"
1466290318,19855236,757.67,1,"buy"
1466290323,19855238,757.67,0.27979031,"buy"
1466290343,19855242,756.99,0.93,"sell"
1466290343,19855244,757.5,0.15,"sell"
1466290343,19855246,757,0.01,"sell"
1466290343,19855248,757.51,0.25,"sell"
1466290358,19855260,756.99,1,"sell"
1466290366,19855264,757.34,0.172989,"buy"
1466290366,19855266,757.63,1.97193854,"buy"
1466290374,19855268,757,6.5611,"sell"
1466290380,19855274,757.14,0.136376,"buy"
1466290380,19855276,757,0.02943514,"buy"
1466290380,19855278,757.66,4.80488236,"buy"
1466290380,19855280,757.65,0.0134865,"buy"
1466290380,19855282,757.65,0.01582,"buy"
1466290384,19855284,757.67,0.1,"buy"
1466290392,19855288,756.99,0.01575,"sell"
1466290413,19855292,757,0.09,"sell"
1466290413,19855294,757,0.17806133,"sell"
1466290422,19855296,757.65,5,"buy"
1466290455,19855300,757.64,3,"sell"
1466290493,19855314,757,1.5,"sell"
1466290493,19855316,757,0.5,"sell"
1466290507,19855318,757,6.5677,"sell"
1466290525,19855320,757,0.19239505,"sell"
1466290525,19855324,757,6.40030495,"sell"
1466290561,19855332,756.99,0.03437949,"sell"
1466290563,19855338,756.99,0.02174846,"sell"
1466290565,19855340,756.99,0.05175647,"sell"
1466290565,19855342,756.99,0.02615037,"sell"
1466290570,19855344,756.99,6.5837,"sell"
1466290570,19855346,756.98,1.4163,"sell"
1466290573,19855348,756.98,0.09340802,"sell"
1466290573,19855350,756.98,0.36261148,"sell"
1466290573,19855352,756.7,0.5439805,"sell"
1466290578,19855356,756.7,0.013,"sell"
1466290579,19855358,755.84,1.37130287,"sell"
1466290579,19855360,756.7,0.637,"sell"
1466290579,19855362,755.84,0.01,"sell"
1466290593,19855368,755.86,0.66,"sell"
1466290593,19855370,755.84,9.34,"sell"
1466290597,19855378,756,0.07938447,"sell"
1466290598,19855380,755.61,0.41818734,"sell"
1466290598,19855382,756,0.92061553,"sell"
1466290598,19855384,755.84,1.91119713,"sell"
1466290605,19855386,757.45,1.19369929,"buy"
1466290605,19855388,757,0.05880368,"buy"
1466290605,19855390,757,0.07749703,"buy"
1466290627,19855392,755.99,0.1078,"buy"
1466290627,19855394,755.62,0.05490357,"sell"
1466290658,19855400,755.96,0.25,"buy"
1466290659,19855402,755.96,0.06630342,"sell"
1466290671,19855416,755.99,0.03460163,"buy"
1466290672,19855426,755.99,5.20132987,"buy"
1466290672,19855430,755.99,0.03460163,"buy"
1466290672,19855432,755.99,0.03460461,"buy"
1466290673,19855446,755.99,2.11840964,"buy"
1466290674,19855452,755.99,0.0217978,"buy"
1466290674,19855456,755.99,2.04747478,"buy"
1466290677,19855488,756,0.25,"buy"
1466290677,19855490,755.99,0.39938004,"buy"
1466290686,19855592,756.98,2.93369658,"buy"
1466290721,19855622,756.54,0.03,"buy"
1466290722,19855626,756.54,0.01857041,"buy"
1466290747,19855634,756.01,6.5985,"sell"
1466290747,19855636,756.05,0.36672421,"sell"
1466290747,19855638,756.04,0.32,"sell"
1466290747,19855640,756.03,0.01557,"sell"
1466290747,19855642,756,0.69920579,"sell"
1466290764,19855652,756.06,0.016185,"buy"
1466290764,19855654,756.02,0.021764,"buy"
1466290775,19855656,756.06,0.010255,"sell"
1466290778,19855658,756.06,0.02400747,"sell"
1466290796,19855670,756.54,0.0109,"buy"
1466290803,19855686,756.54,0.01,"buy"
1466290805,19855696,756.06,0.0325868,"sell"
1466290813,19855698,756.54,0.23052959,"buy"
1466290813,19855700,756.97,2.76947041,"buy"
1466290817,19855702,756.21,0.016356,"sell"
1466290819,19855704,756.98,0.02,"buy"
1466290819,19855706,756.98,0.03208378,"buy"
1466290833,19855710,756.98,0.14664888,"buy"
1466290864,19855720,756.58,0.3077,"sell"
1466290891,19855724,756.9,0.5,"buy"
1466290891,19855726,756.99,3.01223175,"buy"
1466290916,19855738,756.87,5.26,"sell"
1466290916,19855740,756.88,7.35,"sell"
1466290916,19855742,756.88,6.5927,"sell"
1466290916,19855744,756.87,0.7973,"sell"
1466290923,19855746,757.6,1.41443175,"buy"
1466290923,19855748,757.25,6.5978,"buy"
1466290923,19855750,756.99,1.98776825,"buy"
1466290937,19855756,757.63,0.047,"buy"
1466290937,19855758,757.62,6.5585,"buy"
1466290937,19855760,757.64,0.3945,"buy"
1466290966,19855770,756.92,0.033,"sell"
1466290986,19855778,757.25,1,"buy"
1466291003,19855790,756.93,5,"sell"
1466291011,19855802,756.92,0.38921519,"sell"
1466291014,19855804,757.58,0.0439,"buy"
1466291038,19855836,756.61,0.02839197,"sell"
1466291038,19855838,757.03,0.01,"sell"
1466291040,19855840,756.61,2,"sell"
1466291046,19855854,756.6,0.018494,"sell"
1466291073,19855872,757.24,0.02,"buy"
1466291073,19855874,757.25,0.16,"buy"
1466291073,19855876,757.59,5.84,"buy"
1466291111,19855886,757,0.1855,"buy"
1466291169,19855910,756.62,0.019725,"sell"
1466291174,19855932,756.62,0.03250097,"sell"
1466291187,19855940,756.98,0.04447794,"buy"
1466291194,19855954,756.62,0.49971997,"sell"
1466291194,19855956,756.62,0.54607403,"sell"
1466291200,19855960,756.7,0.080791,"buy"
1466291200,19855962,757.78,0.428,"buy"
1466291200,19855964,757.64,5,"buy"
1466291200,19855966,757.7,6.24211509,"buy"
1466291200,19855968,757.98,6.66,"buy"
1466291200,19855970,757.64,1.1055,"buy"
1466291200,19855972,757,0.0145,"buy"
1466291200,19855974,757.99,5.95039078,"buy"
1466291200,19855976,757.66,0.1,"buy"
1466291212,19855982,756.6,0.074148,"sell"
1466291218,19855988,756.62,0.07374,"sell"
1466291231,19855996,756.61,0.806902,"sell"
1466291265,19856014,756.61,3.37377371,"sell"
1466291266,19856018,757.82,0.0721,"buy"
1466291297,19856036,756.63,2.09614259,"buy"
1466291297,19856038,756.63,0.45105757,"buy"
1466291313,19856054,756.64,0.02328,"sell"
1466291326,19856058,756.65,0.01,"buy"
1466291326,19856060,757.8,0.1,"buy"
1466291326,19856062,757,0.02889008,"buy"
1466291326,19856064,756.65,0.93729105,"buy"
1466291326,19856066,757.88,1.92381887,"buy"
1466291336,19856072,757.83,0.08399188,"buy"
1466291342,19856074,757.82,0.19529821,"buy"
1466291342,19856076,757.83,1.80470179,"buy"
1466291349,19856086,756.86,0.4944459,"sell"
1466291380,19856098,757.96,0.08714718,"buy"
1466291380,19856100,757.97,1.91285282,"buy"
1466291408,19856110,756.92,0.45,"sell"
1466291408,19856112,757.03,0.01,"sell"
1466291411,19856116,757.03,0.01,"sell"
1466291411,19856118,756.92,0.05885897,"sell"
1466291417,19856120,756.93,0.01,"buy"
1466291420,19856122,756.93,0.00486761,"buy"
1466291420,19856124,756.93,0.00513239,"buy"
1466291442,19856130,756.92,0.46378718,"sell"
1466291442,19856132,757.03,0.01,"sell"
1466291484,19856142,757.56,0.157374,"sell"
1466291521,19856146,757.74,1.2039,"sell"
1466291527,19856148,757.9,1,"buy"
1466291527,19856150,757.9,1,"buy"
1466291527,19856152,757.72,0.029415,"buy"
1466291527,19856154,757.99,6.17453655,"buy"
1466291527,19856156,757.61,1.63867445,"buy"
1466291529,19856158,757.59,0.16261451,"sell"
1466291564,19856164,757.91,10.0283,"buy"
1466291564,19856166,757.63,0.428,"buy"
1466291564,19856168,757.62,0.06272701,"buy"
1466291564,19856170,757.99,7.29449734,"buy"
1466291572,19856172,757.61,0.020398,"sell"
1466291588,19856174,757.61,0.13012592,"sell"
1466291614,19856178,757.62,0.01254476,"buy"
1466291614,19856180,757.62,0.04306,"buy"
1466291626,19856182,757.63,1.43616938,"buy"
1466291645,19856190,757.98,1.21933461,"buy"
1466291645,19856192,757.64,0.01,"buy"
1466291645,19856194,757.63,0.06373816,"sell"
1466291648,19856196,757.99,0.0364,"buy"
1466291668,19856198,757.93,1.08209111,"buy"
1466291668,19856200,757.64,0.15280889,"buy"
1466291695,19856210,757.63,0.0532,"sell"
1466291697,19856212,757.63,1,"sell"
1466291700,19856214,757.99,2.74795578,"buy"
1466291700,19856216,757.64,0.14416889,"buy"
1466291700,19856218,757.9,6.5637,"buy"
1466291700,19856220,757.62,0.0532,"sell"
1466291700,19856222,757.99,0.54417533,"buy"
1466291704,19856228,757.91,0.0532,"sell"
1466291706,19856230,758,0.02,"buy"
1466291707,19856232,757.91,0.428,"sell"
1466291719,19856234,757.99,0.5,"buy"
1466291732,19856236,758,0.04,"buy"
1466291732,19856240,757.98,0.428,"buy"
1466291732,19856242,758,0.032,"buy"
1466291747,19856248,758,10,"buy"
1466291756,19856258,757.99,0.01590614,"buy"
1466291761,19856260,757.69,0.08294978,"sell"
1466291761,19856262,757.91,0.0188,"sell"
1466291762,19856268,757.69,0.09008772,"sell"
1466291764,19856272,757.69,0.10174978,"sell"
1466291764,19856274,757.99,0.02,"buy"
1466291768,19856278,757.69,0.06503551,"sell"
1466291784,19856284,757.68,1,"sell"
1466291805,19856290,757.68,3.7,"sell"
1466291805,19856292,757.63,1.3,"sell"
1466291815,19856294,757.63,2.7,"sell"
1466291855,19856312,757.6,3.0177,"sell"
1466291868,19856326,757.01,0.05200138,"sell"
1466291868,19856328,757.03,0.01,"sell"
1466291870,19856338,757.01,0.07050453,"sell"
1466291876,19856340,758,9.968,"buy"
1466291876,19856342,757.9,10,"buy"
1466291876,19856344,757.99,10,"buy"
1466291876,19856346,758,0.032,"buy"
1466291879,19856350,757.01,0.05157607,"sell"
1466291882,19856352,757.01,1.3,"sell"
1466291933,19856364,757.07,0.02,"sell"
1466291948,19856380,757.07,0.39007425,"sell"
1466291971,19856382,757.07,0.0108782,"sell"
1466291975,19856384,757.47,0.0108,"buy"
1466291986,19856386,757.07,0.0107784,"sell"
1466291989,19856388,757.42,0.0108,"buy"
1466291993,19856390,757.1,0.0107784,"sell"
1466291997,19856392,757.39,0.0107,"buy"
1466292000,19856394,757.1,0.0106786,"sell"
1466292029,19856420,757.81,0.70156666,"buy"
1466292029,19856422,757.82,2.29843334,"buy"
1466292036,19856432,758,1.29843334,"buy"
1466292036,19856434,757.99,0.70156666,"buy"
1466292038,19856442,758,2.1137,"buy"
1466292044,19856448,757.42,0.08327054,"sell"
1466292044,19856450,757.46,0.0107,"sell"
1466292045,19856452,757.98,4.29843334,"buy"
1466292045,19856454,757.97,0.70156666,"buy"
1466292049,19856456,757.42,2,"sell"
1466292058,19856464,758,0.4094588,"buy"
1466292062,19856470,757.46,0.07018665,"sell"
1466292062,19856474,757.46,0.04750638,"sell"
1466292063,19856478,757.47,0.12896219,"sell"
1466292076,19856482,757.99,0.11911287,"sell"
1466292084,19856486,758,3.8475,"buy"
1466292118,19856490,757.99,0.033583,"sell"
1466292128,19856492,757.99,0.032925,"sell"
1466292162,19856494,758,0.01122488,"buy"
1466292163,19856498,758,0.01122488,"buy"
1466292165,19856522,757.99,0.05989613,"sell"
1466292165,19856524,757.95,4.97103987,"sell"
1466292165,19856534,757.99,0.25,"sell"
1466292166,19856538,757.95,0.15149402,"sell"
1466292166,19856540,757.95,0.07267324,"sell"
1466292167,19856542,757.95,0.07267324,"sell"
1466292167,19856546,757.99,0.06004356,"buy"
1466292168,19856550,757.95,0.15149402,"sell"
1466292188,19856560,757.95,0.09914418,"sell"
1466292213,19856610,757.95,0.26467094,"sell"
1466292218,19856614,757.99,0.01410544,"buy"
1466292220,19856624,757.99,0.23574713,"buy"
1466292220,19856626,757.98,0.026881,"buy"
1466292227,19856628,758,1,"buy"
1466292257,19856642,758.01,5,"buy"
1466292257,19856644,758.19,3.7235419,"buy"
1466292257,19856646,758,1.2764581,"buy"
1466292257,19856648,758.01,10,"buy"
1466292270,19856668,757.95,0.5,"sell"
1466292284,19856686,758.19,0.6,"buy"
1466292295,19856690,758.09,0.01908374,"buy"
1466292303,19856694,758.09,0.01170799,"buy"
1466292332,19856702,758.09,0.1888,"buy"
1466292333,19856704,758.19,1.48824227,"buy"
1466292333,19856706,758.09,0.78040827,"buy"
1466292339,19856710,758.09,0.0995,"sell"
1466292362,19856718,758.18,0.11568104,"buy"
1466292363,19856724,758.18,0.11382165,"buy"
1466292363,19856730,758.18,0.07166454,"buy"
1466292364,19856734,758.18,0.01,"buy"
1466292365,19856736,758.18,0.09883277,"buy"
1466292365,19856738,758.19,0.11568104,"buy"
1466292365,19856740,758.19,0.11568104,"buy"
1466292401,19856754,758.1,0.10066472,"sell"
1466292504,19856808,758.18,0.011,"buy"
1466292504,19856812,758.18,0.05215739,"buy"
1466292506,19856820,758.18,0.01856366,"buy"
1466292508,19856826,758.18,0.06315739,"buy"
1466292550,19856850,758.2,1,"buy"
1466292550,19856852,758.19,1,"buy"
1466292550,19856854,758.4,0.90387844,"buy"
1466292550,19856856,758.39,1,"buy"
1466292550,19856858,758.29,1,"buy"
1466292550,19856860,758.18,0.09612156,"buy"
1466292560,19856862,758.11,0.255473,"sell"
1466292622,19856878,758.17,6.5566,"sell"
1466292622,19856880,758.2,0.01,"sell"
1466292622,19856882,758.16,5,"sell"
1466292622,19856884,758,0.04746472,"sell"
1466292622,19856886,758.1,1.89933528,"sell"
1466292630,19856888,758.48,0.40387844,"buy"
1466292630,19856890,758.4,0.09612156,"buy"
1466292633,19856892,758.48,0.10714707,"buy"
1466292661,19856900,758,0.11108763,"sell"
1466292668,19856912,758.2,0.01858928,"buy"
1466292669,19856916,758,0.04144765,"sell"
1466292669,19856918,757.9,0.38454942,"sell"
1466292669,19856920,757.95,0.02,"sell"
1466292669,19856922,757.95,0.01,"sell"
1466292670,19856926,758.2,0.01856425,"buy"
1466292675,19856932,758.2,0.14895743,"buy"
1466292691,19856956,758.2,0.07909058,"buy"
1466292691,19856964,758.2,0.11936863,"buy"
1466292693,19856970,757.99,0.02684107,"sell"
1466292697,19856986,758.2,0.02972658,"buy"
1466292698,19856988,758.2,0.0186039,"buy"
1466292699,19856990,758.2,0.02981961,"buy"
1466292703,19857000,758.48,0.02981961,"buy"
1466292705,19857004,758.48,0.02981961,"buy"
1466292718,19857014,758.04,0.01354595,"sell"
1466292722,19857016,758.04,0.0106893,"sell"
1466292739,19857032,758.04,3,"sell"
1466292743,19857034,758.2,0.0106,"buy"
1466292753,19857038,758,3,"sell"
1466292753,19857040,758.06,2,"sell"
1466292754,19857042,758.2,0.2637,"buy"
1466292757,19857044,758.19,0.38541007,"buy"
1466292757,19857046,758.2,0.7257,"buy"
1466292757,19857048,758.49,0.38888993,"buy"
1466292769,19857054,758.48,6,"sell"
1466292774,19857056,758.48,5.13482847,"sell"
1466292777,19857080,758.03,0.0702526,"sell"
1466292777,19857082,758.03,0.07897221,"sell"
1466292777,19857084,758.47,0.01,"sell"
1466292779,19857098,758.03,0.515435,"sell"
1466292779,19857100,758.03,0.0702526,"sell"
1466292779,19857104,758.03,0.032404,"sell"
1466292779,19857112,758.03,0.08897221,"sell"
1466292783,19857116,758.48,0.36967331,"buy"
1466292783,19857118,758.49,0.19922659,"buy"
1466292795,19857126,758.48,0.11591039,"sell"
1466292800,19857136,758.4,0.01958881,"buy"
1466292802,19857142,758.04,0.16043663,"sell"
1466292817,19857148,758.38,0.01399132,"sell"
1466292817,19857150,758.1,0.0244,"sell"
1466292817,19857152,758,0.06071322,"sell"
1466292827,19857166,758,0.06037014,"sell"
1466292827,19857168,758.38,0.01,"sell"
1466292827,19857170,758,0.06942446,"sell"
1466292828,19857176,758,0.07398648,"sell"
1466292830,19857180,758,0.07398648,"sell"
1466292836,19857182,758.39,1.0579057,"buy"
1466292836,19857184,758.4,0.9420943,"buy"
1466292856,19857188,758.4,3.72159522,"buy"
1466292856,19857190,758.39,0.25830478,"buy"
1466292873,19857206,758,0.3,"sell"
1466292895,19857214,758.08,0.3,"sell"
1466292959,19857264,758.03,0.2,"sell"
1466292962,19857266,757.83,4.98,"sell"
1466292962,19857270,758,0.75,"sell"
1466292962,19857276,758.03,6.3604,"sell"
1466292962,19857278,758.02,1.6,"sell"
1466292962,19857280,757.99,0.93215893,"sell"
1466292962,19857284,758,15.7269,"sell"
1466292962,19857286,757.87,0.6,"sell"
1466292962,19857290,757.67,12.2003,"sell"
1466292962,19857292,757.34,11.8431,"sell"
1466292962,19857294,757.12,10.5791,"sell"
1466292962,19857296,757.1,11.889,"sell"
1466292962,19857298,757.11,6.69,"sell"
1466292962,19857300,757.06,4.3909668,"sell"
1466292962,19857302,757.02,4.39059194,"sell"
1466292962,19857304,756.98,4.38874531,"sell"
1466292962,19857306,756.85,4.3909668,"sell"
1466292962,19857308,756.92,4.3913953,"sell"
1466292962,19857310,756.88,4.39059194,"sell"
1466292962,19857312,756.76,11.2843,"sell"
1466292962,19857314,756.72,4.39059194,"sell"
1466292962,19857316,756.67,0.1,"sell"
1466292962,19857318,756.6,4.3913953,"sell"
1466292962,19857320,756.71,4.3913953,"sell"
1466292962,19857322,756.55,4.3913953,"sell"
1466292962,19857324,756.49,8.25,"sell"
1466292962,19857326,756.53,0.01,"sell"
1466292962,19857328,756.49,5.2,"sell"
1466292962,19857330,756.48,11.3995,"sell"
1466292962,19857332,756.43,0.03495515,"sell"
1466292962,19857334,756.21,5.53,"sell"
1466292962,19857336,755.88,13.0237,"sell"
1466292962,19857338,756.2,12.1192,"sell"
1466292962,19857340,755.25,10.43,"sell"
1466292962,19857342,756,0.60079421,"sell"
1466292962,19857344,755.67,0.1,"sell"
1466292962,19857346,755.9,9,"sell"
1466292962,19857348,755.57,13.9219,"sell"
1466292962,19857350,755.18,11.4619,"sell"
1466292962,19857352,755.24,19,"sell"
1466292962,19857354,754.98,0.546798,"sell"
1466292962,19857356,755.1,9,"sell"
1466292962,19857358,755,4,"sell"
1466292962,19857360,755,1,"sell"
1466292962,19857362,754.89,1.044,"sell"
1466292962,19857364,755,0.02894,"sell"
1466292962,19857366,754.89,0.258,"sell"
1466292962,19857368,754.89,0.286,"sell"
1466292962,19857370,754.89,1.154,"sell"
1466292962,19857372,754.58,0.61491778,"sell"
1466292962,19857374,754.88,11.7821,"sell"
1466292962,19857376,754.59,12.52,"sell"
1466292962,19857380,754.67,0.1,"sell"
1466292962,19857382,754.78,0.14,"sell"
1466292963,19857384,758.39,0.07776288,"buy"
1466292971,19857386,757.46,0.06585,"sell"
1466292974,19857390,756.69,1,"sell"
1466293018,19857406,756.67,1,"sell"
1466293027,19857408,756.67,1,"sell"
1466293027,19857410,756.67,0.05088799,"sell"
1466293027,19857412,755.54,4.94911201,"sell"
1466293046,19857420,756.67,0.10045948,"sell"
1466293067,19857460,756.67,0.13969347,"sell"
1466293068,19857462,756.67,0.65821793,"sell"
1466293068,19857464,756.67,1.34178207,"buy"
1466293088,19857472,755.54,0.15,"sell"
1466293089,19857474,755.55,0.02594169,"sell"
1466293090,19857476,755.55,1.29939134,"sell"
1466293093,19857506,756.01,2.29048494,"buy"
1466293094,19857510,755.82,0.18942194,"buy"
1466293095,19857516,755.82,0.01861412,"buy"
1466293104,19857520,755.53,0.1,"sell"
1466293105,19857556,755.65,0.15719957,"buy"
1466293105,19857564,755.65,0.01633854,"buy"
1466293110,19857568,755.58,0.042644,"buy"
1466293115,19857570,757.64,0.1,"buy"
1466293126,19857592,756.65,1.1403164,"sell"
1466293148,19857608,757.23,0.25,"buy"
1466293154,19857616,757.2,15.92737877,"buy"
1466293169,19857630,757,0.09083506,"buy"
1466293207,19857634,756.68,2.109641,"buy"
1466293207,19857636,756.68,0.090359,"buy"
1466293207,19857638,756.67,0.010683,"sell"
1466293220,19857642,756.67,0.31,"sell"
1466293263,19857664,757.84,0.28259203,"buy"
1466293263,19857666,757,0.00916494,"buy"
1466293263,19857668,757.84,0.46417009,"buy"
1466293277,19857736,756.77,0.25725555,"sell"
1466293278,19857742,756.78,0.07918211,"sell"
1466293280,19857760,756.78,0.07899309,"sell"
1466293279,19857762,756.78,0.03246448,"sell"
1466293280,19857764,756.78,0.07918211,"sell"
1466293281,19857770,756.67,0.01,"sell"
1466293282,19857774,756.65,0.01,"sell"
1466293282,19857776,756.65,0.05918211,"sell"
1466293290,19857796,756.69,0.11019141,"sell"
1466293291,19857804,756.69,0.17921354,"sell"
1466293293,19857808,756.71,0.01255333,"sell"
1466293294,19857832,756.71,0.01900555,"sell"
1466293306,19857842,756.72,0.0411196,"sell"
1466293320,19857846,756.73,1,"sell"
1466293358,19857872,756.72,5.7,"sell"
1466293358,19857874,756.59,0.70421987,"sell"
1466293358,19857876,756.73,6.5966,"sell"
1466293373,19857880,756.54,2.05045889,"sell"
1466293373,19857882,756.54,6.5726,"sell"
1466293376,19857884,756.49,0.0401,"buy"
1466293383,19857892,756.49,0.11660905,"buy"
1466293383,19857894,756.49,0.022729,"buy"
1466293411,19857898,756.44,1.62296926,"sell"
1466293411,19857900,756.48,6.69,"sell"
1466293411,19857902,756.48,0.25,"sell"
1466293411,19857904,756.48,0.25,"sell"
1466293441,19857914,756.4,0.25,"sell"
1466293454,19857926,756.38,0.02013735,"sell"
1466293454,19857928,756.38,3.08863735,"sell"
1466293454,19857930,756.38,11.91136265,"sell"
1466293470,19857936,756.35,0.01300281,"sell"
1466293472,19857938,756.35,1.8,"sell"
1466293472,19857940,756.35,0.26468355,"sell"
1466293480,19857944,756.45,0.04352683,"sell"
1466293492,19857950,756.4,0.1261685,"sell"
1466293492,19857952,756.61,1.549277,"sell"
1466293517,19857976,756.48,0.01,"sell"
1466293517,19857978,756.62,1.09897,"sell"
1466293517,19857980,756.25,0.89103,"sell"
1466293519,19857982,756.59,1.546646,"buy"
1466293527,19857986,756.51,1.709437,"buy"
1466293537,19857988,756.44,6.5646,"buy"
1466293537,19857990,756.78,0.709795,"buy"
1466293537,19857992,756.44,1.05123262,"buy"
1466293537,19857994,756.79,10,"buy"
1466293537,19857996,756.89,5.67437238,"buy"
1466293537,19857998,756.89,1,"buy"
1466293542,19858000,756.43,1.05123262,"buy"
1466293543,19858002,756.87,3.433917,"buy"
1466293543,19858004,756.95,10.9741,"buy"
1466293543,19858006,757.19,1,"buy"
1466293543,19858008,756.88,0.011456,"buy"
1466293543,19858010,757.25,9.580527,"buy"
1466293546,19858014,756.46,0.026822,"sell"
1466293549,19858018,757.53,9.277527,"buy"
1466293549,19858020,757.51,0.327,"buy"
1466293549,19858022,756.85,6.5729,"buy"
1466293549,19858024,756.87,7.04,"buy"
1466293549,19858026,757.25,1.782573,"buy"
1466293555,19858028,756.86,0.4698729,"buy"
1466293555,19858030,756.97,12.2021,"buy"
1466293555,19858032,757.53,1.2712271,"buy"
1466293555,19858034,757.21,11.0568,"buy"
1466293561,19858036,757.81,11.6101,"buy"
1466293561,19858038,757.52,6.5652,"buy"
1466293561,19858040,757.22,0.328,"buy"
1466293561,19858042,758,4.4395541,"buy"
1466293561,19858044,758,0.1,"buy"
1466293561,19858046,757.53,0.9571459,"buy"
1466293561,19858048,758,1,"buy"
1466293568,19858050,758.12,0.67020434,"buy"
1466293568,19858052,758.49,0.41188348,"buy"
1466293568,19858054,758.16,10.5655,"buy"
1466293568,19858056,758.41,11.7674,"buy"
1466293568,19858058,758.73,0.91442086,"buy"
1466293568,19858060,758.12,0.32979566,"buy"
1466293568,19858062,758.6,1,"buy"
1466293568,19858064,758.3,0.011,"buy"
1466293569,19858066,756.5,0.12974776,"sell"
1466293575,19858072,757.81,10.7843,"buy"
1466293575,19858074,758.43,2.3241,"buy"
1466293575,19858076,758.1,11.4636,"buy"
1466293575,19858078,757.9,0.428,"buy"
1466293585,19858080,758.11,2.3356512,"buy"
1466293585,19858082,756.85,4.4125488,"buy"
1466293585,19858084,757.86,11.665,"buy"
1466293585,19858086,757.85,6.5868,"buy"
1466293590,19858090,756.61,0.41049173,"sell"
1466293591,19858092,758.11,1.572,"buy"
1466293591,19858094,756.99,0.428,"buy"
1466293592,19858096,758.07,4.40455872,"buy"
1466293592,19858098,758.3,10.2974,"buy"
1466293592,19858100,758.45,2.74929248,"buy"
1466293592,19858102,758.11,7.5487488,"buy"
1466293606,19858106,758.46,1,"buy"
1466293609,19858108,757.02,0.1109217,"sell"
1466293651,19858142,758.8,1,"buy"
1466293651,19858144,758.72,1,"buy"
1466293651,19858146,758.99,0.11009805,"buy"
1466293651,19858148,759,1,"buy"
1466293651,19858150,758.79,1,"buy"
1466293651,19858152,759,0.75,"buy"
1466293651,19858154,759,14.90635808,"buy"
1466293651,19858156,758.99,1,"buy"
1466293651,19858158,758.89,1,"buy"
1466293660,19858168,757.62,0.01,"sell"
1466293663,19858170,758.9,0.038683,"buy"
1466293663,19858172,758.9,0.0725,"buy"
1466293690,19858184,757.98,0.27273928,"sell"
1466293696,19858190,758.71,0.1,"buy"
1466293700,19858194,758.03,0.113,"sell"
1466293706,19858196,758.05,0.22633622,"sell"
1466293706,19858198,758.06,0.77366378,"sell"
1466293718,19858206,758.99,0.05593632,"buy"
1466293769,19858230,758.99,0.725485,"buy"
1466293801,19858252,758.99,6.5826,"buy"
1466293801,19858254,758.99,0.21857868,"buy"
1466293801,19858256,758.99,6.44682132,"buy"
1466293817,19858296,758.06,0.11574061,"sell"
1466293829,19858306,758.43,3,"buy"
1466293835,19858330,758.01,0.00572447,"sell"
1466293835,19858332,758.06,0.01,"sell"
1466293835,19858334,758.05,0.01,"sell"
1466293835,19858336,758.06,0.01,"sell"
1466293836,19858342,758.01,0.01612279,"sell"
1466293836,19858350,758.01,0.05186964,"sell"
1466293838,19858360,758.43,0.2,"buy"
1466293840,19858374,758.01,0.01612279,"sell"
1466293842,19858378,758.42,0.54674139,"buy"
1466293842,19858380,758.43,0.45325861,"buy"
1466293846,19858390,758.01,5,"sell"
1466293860,19858420,758.45,0.959221,"sell"
1466293861,19858424,758.45,5.633279,"sell"
1466293861,19858426,758.44,1,"sell"
1466293862,19858430,758,0.02173798,"sell"
1466293871,19858436,758,0.02932447,"sell"
1466293871,19858440,758,0.7734,"sell"
1466293881,19858442,758.36,2,"buy"
1466293883,19858454,758.01,0.32354274,"sell"
1466293884,19858458,758.01,0.2092277,"sell"
1466293885,19858460,758.01,0.2092277,"sell"
1466293886,19858462,758.01,0.2092277,"sell"
1466293888,19858466,758.01,5.60057416,"sell"
1466293888,19858468,758,1.39942584,"sell"
1466293893,19858478,758,0.32354274,"sell"
1466293893,19858484,758,0.2061785,"sell"
1466293897,19858494,758.01,0.10611401,"sell"
1466293897,19858498,758.01,0.02656041,"sell"
1466293899,19858510,758,0.04400259,"sell"
1466293900,19858512,758,0.03233633,"sell"
1466293901,19858514,758,0.02248657,"sell"
1466293902,19858522,758,0.04185725,"sell"
1466293902,19858530,758,0.04163413,"sell"
1466293902,19858536,758,0.07101665,"sell"
1466293902,19858544,758,0.21089621,"sell"
1466293903,19858548,758,0.01022881,"sell"
1466293905,19858564,758,0.21867416,"sell"
1466293905,19858566,758,0.10487284,"sell"
1466293906,19858574,758,0.21867416,"sell"
1466293906,19858576,758,0.01416811,"sell"
1466293906,19858578,758,0.10487284,"sell"
1466293907,19858580,758,0.01998798,"sell"
1466293907,19858582,758,0.10487284,"sell"
1466293907,19858584,758,0.10487284,"sell"
1466293907,19858586,758,0.21867416,"sell"
1466293907,19858588,758,0.0956183,"sell"
1466293907,19858590,758,0.21867416,"sell"
1466293908,19858592,758,0.10487284,"sell"
1466293909,19858596,758,0.04221652,"sell"
1466293911,19858598,758,0.14685723,"sell"
1466293929,19858622,758.01,0.32474019,"sell"
1466293930,19858626,758.01,0.32474019,"sell"
1466293934,19858630,758.36,1.748283,"buy"
1466293937,19858636,758.01,0.32474019,"sell"
1466293937,19858648,758.01,0.12469971,"sell"
1466293937,19858650,758.01,0.01626518,"sell"
1466293939,19858660,758.01,0.18602239,"sell"
1466293940,19858664,758.01,0.32474446,"sell"
1466293947,19858668,758.37,0.32474446,"sell"
1466293968,19858676,758.38,1,"buy"
1466293973,19858678,758.37,0.44108654,"sell"
1466293973,19858680,758.37,0.01,"sell"
1466293977,19858682,758.36,0.01,"buy"
1466293980,19858692,758.23,0.32464596,"sell"
1466293983,19858698,758.23,0.01999961,"sell"
1466293988,19858706,758.23,0.02601763,"sell"
1466293991,19858710,758.23,0.13150937,"sell"
1466293998,19858714,758.01,5,"sell"
1466294011,19858720,758,0.684109,"sell"
1466294013,19858728,758.01,1,"buy"
1466294013,19858730,758.01,0.55,"buy"
1466294013,19858732,758.01,1.31084745,"buy"
1466294013,19858734,758.17,1.03689569,"buy"
1466294016,19858748,758,0.02833877,"sell"
1466294017,19858752,758,0.02002234,"sell"
1466294022,19858770,758,0.123947,"sell"
1466294022,19858772,757.93,0.01,"sell"
1466294022,19858774,757.95,0.01,"sell"
1466294022,19858780,757.93,0.01,"sell"
1466294022,19858782,757.9,0.29476951,"sell"
1466294022,19858786,757.9,0.01,"sell"
1466294022,19858788,757.9,0.161217,"sell"
1466294023,19858794,757.9,0.10043075,"sell"
1466294025,19858812,757.88,0.01,"sell"
1466294026,19858824,757.67,0.119299,"sell"
1466294026,19858828,757.67,0.10043075,"sell"
1466294026,19858832,757.67,0.01472,"sell"
1466294026,19858844,757.67,0.30346347,"sell"
1466294026,19858846,757.67,0.045425,"sell"
1466294027,19858858,757.66,0.01094417,"sell"
1466294029,19858870,757.66,1.75405264,"sell"
1466294029,19858872,757.66,0.02364608,"sell"
1466294029,19858876,757.66,0.05310254,"sell"
1466294029,19858884,757.66,0.3243054,"sell"
1466294030,19858892,757.66,0.02371219,"sell"
1466294031,19858916,757.66,0.3248902,"sell"
1466294031,19858918,757.66,0.09474923,"sell"
1466294032,19858938,757.66,0.3243054,"sell"
1466294033,19858946,757.66,0.32491164,"sell"
1466294033,19858956,757.66,0.32491164,"sell"
1466294033,19858962,757.66,0.3243054,"sell"
1466294033,19858966,757.66,0.17000393,"sell"
1466294034,19858970,757.66,0.32494086,"sell"
1466294034,19858972,757.66,0.01014154,"sell"
1466294034,19858974,757.66,0.15607945,"sell"
1466294034,19858986,757.66,0.54227659,"sell"
1466294034,19858988,757.67,0.32436025,"sell"
1466294035,19859002,757.67,0.27895533,"sell"
1466294035,19859006,757.67,0.03638547,"sell"
1466294035,19859010,757.67,0.17000393,"sell"
1466294035,19859012,757.67,0.524938,"sell"
1466294035,19859014,757.67,0.32491593,"sell"
1466294036,19859030,757.67,0.03638259,"sell"
1466294036,19859032,757.67,0.3243054,"sell"
1466294036,19859044,757.67,0.17000393,"sell"
1466294037,19859052,757.67,0.32491593,"sell"
1466294037,19859060,757.67,0.02945949,"sell"
1466294037,19859062,757.67,0.29620433,"sell"
1466294038,19859068,757.67,0.54227659,"sell"
1466294038,19859086,757.67,0.28173244,"sell"
1466294038,19859088,757.67,0.03674771,"sell"
1466294039,19859102,757.61,0.03681858,"sell"
1466294041,19859134,757.61,0.30416983,"sell"
1466294041,19859136,757.61,0.03681858,"sell"
1466294041,19859138,757.61,0.03674771,"sell"
1466294041,19859142,757.61,0.35582856,"sell"
1466294041,19859144,757.61,0.09762154,"sell"
1466294041,19859156,757.61,0.08866569,"sell"
1466294041,19859166,757.61,0.03681858,"sell"
1466294041,19859168,757.61,0.32472043,"sell"
1466294042,19859170,757.61,0.09649226,"sell"
1466294042,19859182,757.61,0.03681858,"sell"
1466294042,19859184,757.61,0.029593,"sell"
1466294043,19859188,757.61,0.04765192,"sell"
1466294043,19859192,757.61,0.08847394,"sell"
1466294043,19859210,757.61,0.06518151,"sell"
1466294043,19859214,757.61,0.0357159,"sell"
1466294043,19859232,757.61,0.32455674,"sell"
1466294044,19859236,757.61,0.32455673,"sell"
1466294044,19859244,757.61,0.17043198,"sell"
1466294044,19859246,757.61,0.03684324,"sell"
1466294044,19859248,757.61,0.08870184,"sell"
1466294044,19859252,757.61,0.32517775,"sell"
1466294044,19859254,757.61,0.30416983,"sell"
1466294044,19859260,757.61,0.32517775,"sell"
1466294044,19859270,757.61,0.06511822,"sell"
1466294045,19859272,757.6,0.0102138,"sell"
1466294048,19859334,757.37,0.28227584,"sell"
1466294048,19859336,757.37,0.0268164,"sell"
1466294048,19859338,757.59,0.01,"sell"
1466294048,19859348,757.37,0.06990268,"sell"
1466294048,19859350,757.37,0.02133998,"sell"
1466294048,19859354,757.37,0.14177875,"sell"
1466294048,19859356,757.37,0.02945878,"sell"
1466294048,19859360,757.37,0.35593662,"sell"
1466294048,19859362,757.37,0.3246088,"sell"
1466294049,19859364,757.37,0.09649226,"sell"
1466294049,19859368,757.37,0.02673802,"sell"
1466294049,19859370,757.37,0.32472043,"sell"
1466294050,19859386,757.37,0.04765192,"sell"
1466294050,19859390,757.37,0.04765192,"sell"
1466294051,19859398,757.37,0.02673802,"sell"
1466294050,19859406,757.37,0.04771957,"sell"
1466294051,19859408,757.37,0.04765192,"sell"
1466294052,19859432,757.37,0.32504383,"sell"
1466294052,19859438,757.37,0.04803521,"sell"
1466294053,19859444,757.37,0.32472043,"sell"
1466294054,19859472,757.37,0.3250146,"sell"
1466294055,19859480,757.37,0.2708689,"sell"
1466294055,19859482,757.37,0.04803521,"sell"
1466294055,19859486,757.37,0.13905389,"sell"
1466294055,19859488,757.37,0.32504383,"sell"
1466294056,19859508,757.37,0.03346854,"sell"
1466294056,19859510,757.37,0.3250146,"sell"
1466294056,19859512,757.39,0.3250146,"sell"
1466294057,19859516,757.39,0.03346854,"sell"
1466294057,19859524,757.39,0.3250146,"sell"
1466294057,19859532,757.39,0.08367492,"sell"
1466294058,19859534,757.39,0.04137516,"sell"
1466294059,19859568,757.39,0.32517775,"sell"
1466294059,19859578,757.39,0.21896048,"sell"
1466294060,19859584,757.39,0.2189898,"sell"
1466294060,19859598,757.39,0.01025593,"sell"
1466294060,19859606,757.39,0.12101426,"sell"
1466294061,19859614,757.39,0.13705396,"sell"
1466294061,19859622,757.39,0.08190652,"sell"
1466294061,19859628,757.39,0.3250146,"sell"
1466294061,19859632,757.39,0.2189898,"sell"
1466294061,19859636,757.39,0.15790843,"sell"
1466294061,19859640,757.39,0.2189898,"sell"
1466294061,19859644,757.39,0.32505671,"sell"
1466294063,19859668,757.39,0.32485849,"sell"
1466294062,19859670,757.39,0.48082384,"sell"
1466294062,19859674,757.39,0.26152309,"sell"
1466294063,19859684,757.39,0.32485849,"sell"
1466294063,19859692,757.39,0.2189898,"sell"
1466294063,19859694,757.39,0.16689463,"sell"
1466294063,19859696,757.39,0.15790843,"sell"
1466294063,19859700,757.39,0.2189898,"sell"
1466294063,19859704,757.39,0.32485849,"sell"
1466294063,19859706,757.39,0.15790843,"sell"
1466294063,19859714,757.39,0.32501031,"sell"
1466294064,19859716,757.39,0.2189898,"sell"
1466294064,19859724,757.39,0.15790843,"sell"
1466294064,19859734,757.39,0.15828682,"sell"
1466294064,19859736,757.39,0.2189898,"sell"
1466294064,19859738,757.39,0.15790843,"sell"
1466294064,19859744,757.39,0.32458386,"sell"
1466294064,19859746,757.39,0.05376884,"sell"
1466294065,19859750,757.39,0.29182809,"sell"
1466294065,19859754,757.39,0.13074284,"sell"
1466294065,19859766,757.39,0.15827676,"sell"
1466294065,19859772,757.39,0.05865625,"sell"
1466294066,19859782,757.39,0.18580897,"sell"
1466294067,19859794,757.39,0.32458385,"sell"
1466294067,19859796,757.39,0.15798352,"sell"
1466294068,19859798,757.39,0.02582109,"sell"
1466294068,19859804,757.39,0.03882177,"sell"
1466294068,19859812,757.39,0.02295391,"sell"
1466294069,19859826,757.39,0.26590342,"sell"
1466294071,19859840,757.5,0.11415478,"sell"
1466294071,19859842,757.5,0.17333091,"sell"
1466294074,19859864,757.5,0.35592722,"sell"
1466294075,19859866,757.55,0.3244284,"sell"
1466294078,19859876,757.6,1,"buy"
1466294101,19859906,757.59,0.03214693,"sell"
1466294107,19859922,757.59,0.65134825,"sell"
1466294139,19859940,757.59,0.13224981,"sell"
1466294162,19859950,757.59,0.24055612,"sell"
1466294163,19859954,757.59,0.24055612,"sell"
1466294167,19859962,757.6,2.5075,"buy"
1466294181,19859964,757.59,0.69501642,"sell"
1466294211,19859972,757.6,1.30327344,"buy"
1466294211,19859974,757.6,0.02582109,"buy"
1466294211,19859976,757.6,3.67090547,"buy"
1466294223,19859978,757.6,1,"buy"
1466294223,19859980,757.6,0.19450846,"buy"
1466294228,19859982,757.59,0.06501494,"sell"
1466294233,19859988,757.61,0.00258758,"buy"
1466294233,19859990,757.6,0.13458607,"buy"
1466294247,19859992,757.57,0.06613102,"sell"
1466294269,19860000,757.6,0.0123,"buy"
1466294313,19860006,757.6,0.0700683,"buy"
1466294322,19860008,757.6,4,"buy"
1466294326,19860010,757.57,0.279744,"sell"
1466294342,19860016,757.6,2.2246564,"buy"
1466294345,19860018,757.61,3.97739535,"sell"
1466294352,19860020,757.6,2.079584,"sell"
1466294389,19860034,757.6,1.6957596,"sell"
1466294389,19860036,757.6,0.8042404,"sell"
1466294389,19860038,757.6,0.18517173,"sell"
1466294405,19860048,757.63,0.0174714,"buy"
1466294407,19860050,757.6,0.022521,"sell"
1466294413,19860052,757.6,0.03450002,"sell"
1466294414,19860054,757.67,0.0260346,"buy"
1466294414,19860056,757.61,0.54050807,"buy"
1466294414,19860058,757.67,0.19289862,"buy"
1466294414,19860060,757.7,1.71138455,"buy"
1466294414,19860062,757.67,0.02917416,"buy"
1466294436,19860066,757.9,0.24096048,"sell"
1466294439,19860072,757.92,0.24096048,"sell"
1466294460,19860082,757.93,0.02,"buy"
1466294460,19860084,758.47,0.12395284,"buy"
1466294460,19860086,757.95,0.01,"buy"
1466294460,19860088,758.48,1,"buy"
1466294460,19860092,758.5,0.02891106,"buy"
1466294460,19860094,758.99,4.8071361,"buy"
1466294460,19860096,757.95,0.01,"buy"
1466294460,19860102,758.89,1,"buy"
1466294462,19860112,758.49,0.18213025,"sell"
1466294464,19860114,759,0.09303326,"buy"
1466294491,19860128,759,1,"buy"
1466294496,19860134,758.99,0.17591434,"buy"
1466294496,19860136,759,1.82408566,"buy"
1466294538,19860154,758.95,0.04919809,"sell"
1466294542,19860160,758.96,0.0491895,"sell"
1466294553,19860186,758.95,0.04918885,"sell"
1466294553,19860188,758.98,0.26937267,"sell"
1466294589,19860200,758.99,0.01849998,"sell"
1466294607,19860204,759,18.677877,"buy"
1466294607,19860206,759,2.176523,"buy"
1466294608,19860208,759,1.047304,"buy"
1466294611,19860210,759,0.274819,"buy"
1466294613,19860212,759.01,0.1,"buy"
1466294621,19860214,759.01,0.0197,"sell"
1466294626,19860216,759.05,0.11275416,"buy"
1466294626,19860218,759.19,1,"buy"
1466294626,19860220,759.2,1,"buy"
1466294633,19860222,759.4,1,"buy"
1466294633,19860224,759.4,15,"buy"
1466294647,19860230,759.6,0.02930505,"buy"
1466294656,19860232,759.6,0.97069495,"buy"
1466294656,19860234,759.6,18.64530505,"buy"
1466294658,19860236,759.59,4.37044366,"sell"
1466294658,19860238,759.59,5.62955634,"sell"
1466294662,19860240,759.6,4,"buy"
1466294667,19860242,759.6,13.25147037,"buy"
1466294671,19860246,759.59,2,"sell"
1466294672,19860266,759.6,0.17299022,"buy"
1466294672,19860274,759.6,0.08440235,"buy"
1466294674,19860278,759.6,0.19484859,"buy"
1466294674,19860284,759.6,0.10633,"buy"
1466294676,19860292,759.6,0.10652174,"buy"
1466294677,19860300,759.6,0.01781141,"buy"
1466294677,19860302,759.6,0.10633,"buy"
1466294683,19860314,759.6,0.08662428,"buy"
1466294688,19860320,759.59,0.5225286,"sell"
1466294688,19860326,759.6,0.01846085,"buy"
1466294716,19860366,759.58,0.02636,"sell"
1466294722,19860372,759.6,0.2,"buy"
1466294728,19860382,759.6,0.11472948,"buy"
1466294777,19860410,759.16,0.19027388,"sell"
1466294795,19860418,759.47,0.09965,"sell"
1466294795,19860420,759.17,0.326,"sell"
1466294795,19860422,759.16,6.17004,"sell"
1466294805,19860424,759.39,0.774005,"buy"
1466294814,19860432,759.3,0.716037,"buy"
1466294845,19860476,759.11,0.19573527,"sell"
1466294845,19860478,759.2,0.05,"sell"
1466294847,19860506,759.11,0.24573527,"sell"
1466294848,19860508,759.11,0.0217838,"sell"
1466294853,19860528,759.11,4.49032158,"sell"
1466294872,19860538,758.77,0.043139,"sell"
1466294885,19860550,758.54,0.0394,"sell"
1466294893,19860560,758.54,0.24592585,"sell"
1466294894,19860564,758.54,0.477125,"sell"
1466294899,19860592,758.54,0.24589532,"sell"
1466294899,19860602,759.39,0.225995,"buy"
1466294899,19860604,758.78,0.0455351,"buy"
1466294899,19860606,759.3,0.283963,"buy"
1466294899,19860610,759.39,1.4445069,"buy"
1466294901,19860616,759.12,0.0302,"sell"
1466294920,19860712,759.12,1.100533,"sell"
1466294931,19860730,759.12,0.28042479,"sell"
1466294934,19860744,759.12,0.35088659,"sell"
1466294943,19860766,759.12,0.24573794,"sell"
1466294944,19860768,759.23,0.01687342,"buy"
1466294944,19860770,759.12,0.12909353,"sell"
1466294945,19860774,759.12,0.079922,"sell"
1466294946,19860786,759.12,0.24573796,"sell"
1466294947,19860798,759.12,6.111552,"sell"
1466294947,19860812,759.12,0.32505759,"sell"
1466294947,19860820,759.12,0.24573796,"sell"
1466294948,19860822,759.12,0.727234,"sell"
1466294949,19860826,759.12,0.02186929,"sell"
1466294957,19860920,759.12,0.24573796,"sell"
1466294962,19860924,759.12,0.02208937,"sell"
1466294964,19860950,759.12,0.24573796,"sell"
1466294972,19860964,759.12,0.36677342,"sell"
1466294974,19860972,758.85,0.02234753,"sell"
1466294976,19861010,758.85,0.06777491,"sell"
1466294978,19861012,759.12,0.24573796,"sell"
1466294979,19861014,759.12,0.24573796,"sell"
1466294980,19861018,759.12,0.50852408,"sell"
1466294980,19861034,758.85,0.794554,"sell"
1466294982,19861088,758.84,0.598585,"sell"
1466294983,19861096,758.84,0.24573796,"sell"
1466294984,19861126,758.84,0.24573796,"sell"
1466294985,19861128,758.84,0.351019,"sell"
1466294985,19861130,758.84,0.24582539,"sell"
1466294985,19861134,758.84,0.24573796,"sell"
1466294985,19861136,758.84,0.14955549,"sell"
1466294985,19861138,758.84,0.01950723,"sell"
1466294986,19861160,758.84,0.24573796,"sell"
1466294988,19861168,758.84,0.13923223,"sell"
1466294992,19861180,758.85,0.01556237,"sell"
1466294992,19861184,758.85,0.24729331,"sell"
1466295004,19861192,758.85,3.67505568,"sell"
1466295004,19861194,758.85,6.32494432,"sell"
1466295008,19861204,758.84,9.57192382,"sell"
1466295010,19861270,758.81,0.24594207,"sell"
1466295011,19861282,758.81,0.16163051,"sell"
1466295011,19861286,758.81,0.16162468,"sell"
1466295013,19861300,758.84,0.14102555,"buy"
1466295013,19861304,758.84,0.16520745,"buy"
1466295013,19861306,758.84,0.191867,"buy"
1466295013,19861316,758.81,0.24583835,"sell"
1466295014,19861320,758.81,0.01492336,"sell"
1466295014,19861324,758.81,0.14102555,"sell"
1466295014,19861328,758.81,0.24944062,"sell"
1466295014,19861330,758.81,0.14102555,"sell"
1466295015,19861334,758.81,0.24583835,"sell"
1466295016,19861346,758.81,0.24583835,"sell"
1466295017,19861350,758.5,0.35018712,"sell"
1466295031,19861384,758.78,0.207605,"sell"
1466295044,19861408,758.78,0.24584806,"sell"
1466295045,19861422,758.79,6.5856,"sell"
1466295045,19861424,758.78,0.969111,"sell"
1466295045,19861430,758.78,0.41928447,"sell"
1466295045,19861438,758.78,0.05468928,"sell"
1466295045,19861446,758.78,0.351019,"sell"
1466295045,19861454,758.78,0.351019,"sell"
1466295046,19861464,758.78,0.02112352,"sell"
1466295047,19861470,758.78,0.24593882,"sell"
1466295047,19861476,758.78,0.24540753,"sell"
1466295048,19861494,758.78,0.3299984,"sell"
1466295048,19861498,758.78,0.351019,"sell"
1466295048,19861502,758.78,0.02112352,"sell"
1466295049,19861504,758.78,0.01486889,"sell"
1466295049,19861506,758.78,7.4431249,"sell"
1466295049,19861514,758.78,0.04229115,"sell"
1466295049,19861516,758.78,0.32423213,"sell"
1466295050,19861534,758.78,0.51409633,"sell"
1466295050,19861536,758.49,5.222632,"sell"
1466295050,19861540,758.49,0.04238361,"sell"
1466295051,19861544,758.49,0.321742,"sell"
1466295052,19861556,758.49,0.04229115,"sell"
1466295052,19861562,758.49,0.04229115,"sell"
1466295053,19861574,758.49,0.04229115,"sell"
1466295054,19861584,758.49,0.32423213,"sell"
1466295056,19861588,758.49,0.02282263,"sell"
1466295057,19861594,758.5,0.016741,"sell"
1466295065,19861602,758.5,0.24573796,"sell"
1466295068,19861604,758.51,0.023946,"buy"
1466295068,19861606,758.51,1.426054,"buy"
1466295069,19861638,758.5,0.24593882,"sell"
1466295071,19861652,758.5,0.24593882,"sell"
1466295072,19861656,758.5,0.01503888,"sell"
1466295073,19861662,758.5,0.24593882,"sell"
1466295080,19861674,758.5,12.9761,"sell"
1466295080,19861676,758.5,5.5368657,"sell"
1466295088,19861690,758.49,0.014075,"sell"
1466295090,19861694,758.49,0.01400033,"sell"
1466295091,19861706,758.49,0.01400033,"sell"
1466295091,19861712,758.49,0.01400033,"sell"
1466295092,19861716,758.49,0.053,"sell"
1466295092,19861718,758.49,0.01400033,"sell"
1466295094,19861730,758.49,0.01400033,"sell"
1466295095,19861734,758.49,0.01400033,"sell"
1466295097,19861740,758.49,0.01400033,"sell"
1466295098,19861748,758.49,0.01400033,"sell"
1466295100,19861756,758.49,4,"sell"
1466295100,19861764,758.49,0.01400033,"sell"
1466295102,19861776,758.49,0.01400033,"sell"
1466295103,19861780,758.49,0.01400033,"sell"
1466295103,19861782,758.49,0.01025235,"sell"
1466295104,19861790,758.49,0.01400033,"sell"
1466295105,19861806,758.49,0.01400033,"sell"
1466295105,19861812,758.49,0.01400033,"sell"
1466295106,19861818,758.49,0.01025235,"sell"
1466295107,19861826,758.49,0.01397513,"sell"
1466295110,19861838,758.49,0.01400033,"sell"
1466295110,19861842,758.49,0.01400033,"sell"
1466295112,19861850,758.49,0.01400033,"sell"
1466295112,19861852,758.49,0.01397513,"sell"
1466295112,19861862,758.49,0.01397513,"sell"
1466295115,19861866,758.49,0.01397513,"sell"
1466295116,19861874,758.49,0.01400033,"sell"
1466295118,19861880,758.49,0.01397513,"sell"
1466295118,19861888,758.49,0.01400033,"sell"
1466295119,19861898,758.49,0.01400033,"sell"
1466295120,19861904,758.49,0.01400033,"sell"
1466295121,19861912,758.49,0.01400033,"sell"
1466295121,19861924,758.49,0.01397513,"sell"
1466295123,19861942,758.49,0.01400033,"sell"
1466295126,19861960,758.49,0.01400033,"sell"
1466295126,19861962,758.49,0.01400033,"sell"
1466295127,19861964,758.49,0.01397513,"sell"
1466295128,19861972,758.49,0.01400033,"sell"
1466295130,19861980,758.49,0.01400033,"sell"
1466295131,19861982,758.49,0.01397513,"sell"
1466295132,19861990,758.49,0.01400033,"sell"
1466295133,19861992,758.49,0.01400033,"sell"
1466295134,19861996,758.49,0.01400033,"sell"
1466295135,19862000,758.49,0.01400033,"sell"
1466295136,19862006,758.49,0.01400569,"sell"
1466295136,19862008,758.49,0.01397513,"sell"
1466295137,19862014,758.49,0.01400033,"sell"
1466295137,19862016,758.49,0.01400033,"sell"
1466295138,19862022,758.49,0.00121148,"sell"
1466295140,19862026,758.25,0.01278885,"sell"
1466295140,19862028,758.25,0.01278885,"sell"
1466295140,19862032,758.25,0.0140055,"sell"
1466295140,19862034,758.25,0.01400033,"sell"
1466295142,19862036,758.25,0.01400476,"sell"
1466295143,19862044,758.33,0.01400328,"sell"
1466295144,19862048,758.33,0.01400328,"sell"
1466295144,19862052,758.33,0.01400328,"sell"
1466295145,19862058,758.33,0.01400328,"sell"
1466295145,19862060,758.33,0.01400328,"sell"
1466295146,19862064,758.25,0.01120396,"sell"
1466295146,19862066,758.33,0.0027756,"sell"
1466295146,19862070,758.25,0.01400476,"sell"
1466295149,19862076,758.25,0.01400328,"sell"
1466295151,19862084,758.25,0.01400328,"sell"
1466295151,19862086,758.25,0.01400476,"sell"
1466295152,19862092,758.25,6,"sell"
1466295153,19862096,758.25,1.567108,"sell"
1466295154,19862100,758.25,0.01400476,"sell"
1466295156,19862108,758.2,0.01400476,"sell"
1466295157,19862112,758.2,0.01400476,"sell"
1466295157,19862114,758.2,0.01400569,"sell"
1466295157,19862120,758.2,0.01400569,"sell"
1466295158,19862122,758.2,0.01400476,"sell"
1466295159,19862124,758.2,0.01401123,"sell"
1466295159,19862128,758.2,0.01400569,"sell"
1466295162,19862132,758.2,0.01400569,"sell"
1466295164,19862136,758.2,0.01400569,"sell"
1466295164,19862142,758.2,0.01400569,"sell"
1466295165,19862144,758.2,0.01400569,"sell"
1466295168,19862180,758.2,0.09803983,"sell"
1466295169,19862202,758.2,0.351019,"sell"
1466295169,19862204,758.45,0.09803983,"buy"
1466295169,19862208,758.45,0.01397587,"buy"
1466295169,19862210,758.46,0.0109843,"buy"
1466295171,19862230,758.2,0.392452,"sell"
1466295171,19862234,758.2,0.01401123,"sell"
1466295171,19862248,758.2,0.450604,"sell"
1466295171,19862250,758.2,0.47766481,"sell"
1466295172,19862264,758.2,0.01401123,"sell"
1466295172,19862266,758.2,0.351019,"sell"
1466295172,19862270,758.2,0.351019,"sell"
1466295172,19862272,758.2,0.351019,"sell"
1466295172,19862276,758.2,0.01401456,"sell"
1466295174,19862286,758.2,0.01401123,"sell"
1466295174,19862294,758.2,0.35088474,"sell"
1466295175,19862298,758.24,0.01401456,"sell"
1466295175,19862300,758.24,0.351019,"sell"
1466295175,19862304,758.24,0.18106527,"sell"
1466295175,19862306,758.24,0.01538117,"sell"
1466295175,19862308,758.2,0.351019,"sell"
1466295176,19862316,758.2,0.01400569,"sell"
1466295177,19862324,758.2,0.023568,"sell"
1466295177,19862330,758.2,0.01400569,"sell"
1466295178,19862332,758.2,0.01400569,"sell"
1466295178,19862336,758.2,0.015371,"sell"
1466295178,19862342,758.2,0.02556323,"sell"
1466295179,19862350,758.2,0.01398048,"sell"
1466295180,19862354,758.2,0.01400569,"sell"
1466295180,19862362,758.2,0.01400569,"sell"
1466295181,19862378,758.2,0.01400569,"sell"
1466295181,19862380,758.2,0.06213134,"sell"
1466295182,19862390,758.2,0.01400569,"sell"
1466295182,19862394,758.2,0.01411403,"sell"
1466295182,19862396,758.2,0.12728083,"sell"
1466295183,19862410,758.2,0.14139487,"sell"
1466295183,19862414,758.2,0.20962412,"sell"
1466295184,19862438,758.2,0.24101,"sell"
1466295184,19862442,758.2,0.01195727,"sell"
1466295184,19862446,758.2,0.01400569,"sell"
1466295185,19862454,758.2,0.20962412,"sell"
1466295187,19862458,758.2,0.01400569,"sell"
1466295189,19862466,758.2,0.01400569,"sell"
1466295189,19862468,758.2,0.01400569,"sell"
1466295190,19862472,758.2,0.01400569,"sell"
1466295190,19862482,758.2,0.01400569,"sell"
1466295191,19862494,758.2,0.04195372,"sell"
1466295193,19862516,758.2,0.351019,"sell"
1466295194,19862520,758.2,0.01501583,"sell"
1466295201,19862538,758.2,0.1838246,"sell"
1466295203,19862546,758.2,0.1838246,"sell"
1466295204,19862550,758.2,0.091866,"sell"
1466295215,19862566,758.22,0.0304803,"sell"
1466295216,19862574,758.22,0.02801354,"sell"
1466295217,19862596,758.22,0.24602964,"sell"
1466295218,19862598,758.22,0.24602964,"sell"
1466295219,19862606,758.22,0.06,"sell"
1466295220,19862610,758.22,0.24602964,"sell"
1466295228,19862624,758.23,6.69706222,"buy"
1466295237,19862630,758.23,0.035881,"buy"
1466295258,19862656,758.27,0.4048,"sell"
1466295259,19862658,758.27,0.13215563,"sell"
1466295260,19862662,758.33,1,"sell"
1466295267,19862668,758.33,1,"sell"
1466295268,19862670,758.33,0.01185,"sell"
1466295274,19862682,758.34,6.638504,"sell"
1466295274,19862686,758.34,0.14016499,"sell"
1466295276,19862692,758.34,0.22133101,"sell"
1466295278,19862702,758.33,0.14016499,"sell"
1466295279,19862720,758.33,0.14016315,"sell"
1466295279,19862722,758.33,0.14016315,"sell"
1466295279,19862726,758.33,0.02563487,"sell"
1466295279,19862728,758.34,1.85461099,"buy"
1466295279,19862730,758.35,5.76497428,"buy"
1466295279,19862732,758.33,0.09757189,"sell"
1466295279,19862734,758.33,0.14016315,"sell"
1466295279,19862736,758.34,0.38041473,"buy"
1466295281,19862744,758.21,0.01191517,"sell"
1466295282,19862758,758.21,0.139932,"buy"
1466295283,19862764,758.21,0.139932,"sell"
1466295283,19862766,758.21,0.03931585,"sell"
1466295283,19862774,758.21,0.02054383,"sell"
1466295284,19862778,758.21,0.25674143,"sell"
1466295285,19862790,758.21,0.0973291,"sell"
1466295285,19862792,758.21,0.0264043,"sell"
1466295286,19862798,758.21,0.19693331,"sell"
1466295286,19862804,758.2,0.09931885,"sell"
1466295286,19862810,758.2,0.010925,"sell"
1466295287,19862816,758.2,0.10203184,"sell"
1466295287,19862838,758.21,0.111268,"sell"
1466295287,19862842,758.21,0.17143222,"sell"
1466295287,19862848,758.21,0.10203586,"sell"
1466295287,19862852,758.21,0.08048329,"sell"
1466295288,19862854,758.21,0.010426,"sell"
1466295287,19862856,758.21,0.25701834,"sell"
1466295288,19862864,758.37,0.035667,"buy"
1466295288,19862866,758.34,0.02543175,"buy"
1466295288,19862868,758.32,0.10203184,"buy"
1466295288,19862872,758.4,0.22564528,"sell"
1466295288,19862874,758.33,0.2,"buy"
1466295288,19862876,758.38,1,"buy"
1466295288,19862884,758.4,0.06081536,"sell"
1466295288,19862886,758.4,0.10203184,"sell"
1466295289,19862888,758.4,0.15341518,"sell"
1466295291,19862914,758.4,0.13988787,"sell"
1466295292,19862922,758.4,0.01966088,"sell"
1466295292,19862930,758.4,0.035667,"sell"
1466295293,19862936,758.4,0.13987466,"sell"
1466295293,19862944,758.4,0.06032611,"sell"
1466295293,19862952,758.4,0.139972,"sell"
1466295294,19862954,758.4,0.13988787,"sell"
1466295294,19862962,758.4,0.225393,"sell"
1466295295,19862966,758.4,0.13963608,"sell"
1466295295,19862974,758.4,0.13987466,"sell"
1466295296,19862978,758.4,0.62862777,"sell"
1466295297,19862982,758.4,0.2252651,"sell"
1466295297,19862986,758.4,0.62198382,"sell"
1466295298,19862996,758.41,0.36515297,"sell"
1466295298,19863002,758.41,0.211035,"sell"
1466295298,19863004,758.41,0.10657777,"sell"
1466295298,19863006,758.41,0.13963608,"sell"
1466295298,19863010,758.41,0.02719535,"sell"
1466295298,19863014,758.41,0.20849771,"sell"
1466295298,19863020,758.41,0.36515297,"sell"
1466295300,19863038,758.41,0.03057509,"sell"
1466295300,19863042,758.41,0.01075914,"sell"
1466295301,19863054,758.41,0.139603,"sell"
1466295301,19863056,758.41,0.05017571,"sell"
1466295301,19863060,758.41,0.07930375,"sell"
1466295301,19863062,758.41,0.02440979,"sell"
1466295301,19863068,758.41,0.18714173,"sell"
1466295301,19863074,758.42,0.22485962,"sell"
1466295302,19863076,758.42,0.0502567,"sell"
1466295302,19863082,758.42,0.03142,"sell"
1466295302,19863086,758.42,0.24860997,"sell"
1466295302,19863088,758.42,0.05017571,"sell"
1466295302,19863108,758.4,0.6,"sell"
1466295303,19863110,758.42,0.35671203,"buy"
1466295303,19863112,758.48,0.02440979,"buy"
1466295303,19863118,758.5,0.0649038,"sell"
1466295303,19863122,758.5,0.05027373,"sell"
1466295303,19863124,758.49,0.01397513,"buy"
1466295303,19863130,758.5,0.05026686,"sell"
1466295303,19863138,758.5,0.06691987,"sell"
1466295303,19863144,758.5,0.02440979,"sell"
1466295304,19863146,758.5,0.0649038,"sell"
1466295304,19863150,758.51,0.1906134,"sell"
1466295305,19863160,758.51,0.13472153,"sell"
1466295305,19863166,758.51,0.02493155,"sell"
1466295305,19863176,758.51,0.02493155,"sell"
1466295305,19863184,758.51,0.02493188,"sell"
1466295306,19863194,758.51,0.24481909,"sell"
1466295306,19863202,758.51,0.24748722,"sell"
1466295307,19863220,758.51,0.04664772,"sell"
1466295307,19863230,758.51,0.55606639,"sell"
1466295307,19863236,758.51,0.42410728,"sell"
1466295308,19863250,758.51,0.13987468,"sell"
1466295308,19863252,758.51,0.42410728,"sell"
1466295308,19863258,758.51,0.05029404,"sell"
1466295309,19863264,758.51,0.02503334,"sell"
1466295308,19863266,758.51,0.04296856,"sell"
1466295309,19863270,758.51,6.5615,"sell"
1466295309,19863274,758.5,29.2832252,"sell"
1466295309,19863276,758.51,0.02937668,"sell"
1466295309,19863278,758.5,13.2415,"sell"
1466295309,19863282,758.51,8.56598781,"sell"
1466295309,19863302,758.4,0.06381258,"sell"
1466295309,19863304,758.4,0.31129117,"sell"
1466295310,19863312,758.4,0.01300161,"sell"
1466295314,19863326,758.4,0.27819061,"sell"
1466295314,19863328,758.4,0.05029404,"sell"
1466295315,19863336,758.4,0.27819061,"sell"
1466295316,19863340,758.4,0.040072,"sell"
1466295316,19863342,758.46,0.75070707,"buy"
1466295316,19863346,758.47,0.0293265,"buy"
1466295316,19863348,758.47,0.27819061,"buy"
1466295316,19863354,758.5,3.94177582,"buy"
1466295316,19863356,758.4,0.27826399,"sell"
1466295317,19863358,758.4,0.13858122,"sell"
1466295317,19863370,758.4,0.27819061,"sell"
1466295318,19863372,758.4,0.10901649,"sell"
1466295319,19863388,758.2,0.27826399,"sell"
1466295320,19863396,758.01,0.27819061,"sell"
1466295321,19863404,758.01,0.04780939,"sell"
1466295321,19863406,758,0.02757196,"sell"
1466295321,19863414,758,0.07538198,"sell"
1466295322,19863416,758,0.27826399,"sell"
1466295322,19863424,758,0.04659269,"sell"
1466295322,19863434,758,0.02640758,"sell"
1466295322,19863436,758,0.20192938,"sell"
1466295324,19863452,758,1,"sell"
1466295324,19863458,758,0.02640758,"sell"
1466295324,19863464,758,0.02611922,"sell"
1466295324,19863470,758,0.07538198,"sell"
1466295324,19863472,758,0.20192938,"sell"
1466295324,19863476,758,0.04659269,"sell"
1466295324,19863502,758,0.09216065,"sell"
1466295324,19863504,758,0.01202096,"sell"
1466295325,19863508,758,0.02936266,"sell"
1466295325,19863512,758,0.02640758,"sell"
1466295325,19863514,758,0.07538198,"sell"
1466295325,19863516,758,0.04659269,"sell"
1466295325,19863520,758,0.20192938,"sell"
1466295325,19863522,758,0.20192938,"sell"
1466295326,19863526,758,1,"sell"
1466295325,19863528,758,0.07538198,"sell"
1466295325,19863532,758,0.02640758,"sell"
1466295325,19863534,758,0.04659269,"sell"
1466295326,19863540,758,0.09288184,"sell"
1466295326,19863546,758,0.01202096,"sell"
1466295326,19863550,758,0.04659269,"sell"
1466295326,19863560,758,0.2224336,"sell"
1466295326,19863564,758,0.02640758,"sell"
1466295326,19863566,758,0.09216065,"sell"
1466295327,19863568,758,0.27695256,"sell"
1466295326,19863570,758,0.33479108,"sell"
1466295327,19863572,758,0.02901308,"sell"
1466295327,19863578,757.65,0.27847334,"sell"
1466295328,19863580,757.65,0.0185838,"sell"
1466295329,19863596,757.65,0.09768615,"sell"
1466295329,19863598,757.65,0.02901308,"sell"
1466295329,19863604,757.65,0.01274166,"sell"
1466295329,19863606,757.65,0.2224336,"sell"
1466295330,19863632,757.65,0.05031661,"sell"
1466295330,19863634,757.65,0.05169745,"sell"
1466295330,19863638,757.65,0.02826831,"sell"
1466295331,19863648,757.65,0.05169745,"sell"
1466295332,19863650,757.65,0.0185838,"sell"
1466295333,19863658,757.56,0.02287222,"sell"
1466295334,19863660,757.55,0.02826831,"sell"
1466295334,19863662,757.55,0.05169745,"sell"
1466295335,19863664,757.56,0.03817884,"sell"
1466295336,19863668,757.55,0.05031661,"sell"
1466295339,19863674,757.55,0.02611922,"sell"
1466295341,19863682,757.55,0.01461461,"sell"
1466295341,19863688,757.55,0.11713764,"sell"
1466295343,19863694,757.55,0.04501324,"sell"
1466295345,19863698,757.51,0.55759548,"sell"
1466295345,19863700,757.55,0.04240452,"sell"
1466295349,19863704,757.52,0.01215781,"sell"
1466295353,19863718,757.52,0.01481618,"sell"
1466295353,19863720,757.52,0.1281,"sell"
1466295353,19863726,757.54,0.2,"buy"
1466295355,19863730,757.52,0.01932057,"sell"
1466295362,19863738,757.54,0.01248262,"buy"
1466295371,19863804,757.52,0.01399717,"sell"
1466295372,19863812,757.51,0.06429043,"sell"
1466295372,19863816,757.51,0.02522258,"sell"
1466295373,19863818,757.51,0.22418567,"sell"
1466295373,19863822,757.51,0.4928933,"sell"
1466295373,19863824,757.51,0.03603061,"sell"
1466295374,19863828,757.51,0.01045556,"sell"
1466295374,19863830,757.51,0.08015929,"sell"
1466295375,19863842,757.51,0.01482282,"sell"
1466295375,19863846,757.51,0.15620414,"sell"
1466295375,19863850,757.51,0.02037445,"sell"
1466295376,19863852,757.51,0.4928933,"sell"
1466295376,19863854,757.51,0.06140715,"sell"
1466295376,19863856,757.51,0.22418567,"sell"
1466295388,19863860,757.51,10.60617967,"sell"
1466295388,19863862,757.51,2.53927955,"sell"
1466295388,19863864,757.51,1,"sell"
1466295390,19863874,757.5,0.0188069,"sell"
1466295391,19863882,757.5,0.0188069,"sell"
1466295392,19863884,757.5,0.0188069,"sell"
1466295392,19863886,757.5,0.0188069,"sell"
1466295393,19863888,757.5,0.0188069,"sell"
1466295397,19863890,757.51,0.3,"buy"
1466295399,19863896,757.5,0.028375,"sell"
1466295400,19863900,757.5,2.23417759,"sell"
1466295400,19863902,757.5,6.7,"sell"
1466295403,19863920,757.32,0.04156439,"sell"
1466295403,19863924,757.32,0.02189651,"sell"
1466295403,19863930,757.32,0.03433827,"sell"
1466295404,19863934,757.32,0.04156439,"sell"
1466295408,19863966,756.36,0.01,"sell"
1466295408,19863968,757.32,2.01063644,"sell"
1466295408,19863970,756.62,5,"sell"
1466295408,19863972,756.08,8.46066043,"sell"
1466295408,19863974,756.51,10,"sell"
1466295408,19863976,757,0.1,"sell"
1466295409,19863978,757.5,0.028375,"buy"
1466295410,19863980,757.5,0.131625,"sell"
1466295413,19863982,755.8,0.01,"sell"
1466295427,19864026,755.55,0.01,"sell"
1466295427,19864028,755.54,0.005,"sell"
1466295439,19864088,755.79,0.01559415,"sell"
1466295449,19864160,755.54,0.035,"sell"
1466295449,19864164,755.53,0.26840732,"sell"
1466295453,19864226,755.82,0.43874812,"sell"
1466295454,19864240,755.82,2.226034,"sell"
1466295454,19864248,755.83,0.201029,"sell"
1466295455,19864260,755.83,0.28140949,"sell"
1466295455,19864278,755.83,0.03909753,"sell"
1466295456,19864280,755.83,0.035,"sell"
1466295456,19864294,755.83,3.896799,"sell"
1466295459,19864340,755.82,0.03909753,"sell"
1466295459,19864342,755.82,0.03452132,"sell"
1466295460,19864344,755.82,0.02741865,"sell"
1466295460,19864350,755.82,0.05508191,"sell"
1466295461,19864362,755.82,0.03481041,"sell"
1466295461,19864368,755.82,0.05780766,"sell"
1466295461,19864374,755.82,0.01165617,"sell"
1466295461,19864376,755.82,0.08936399,"sell"
1466295463,19864402,755.82,0.09092984,"sell"
1466295463,19864410,755.82,0.01186041,"sell"
1466295464,19864414,755.84,0.01201236,"sell"
1466295464,19864424,755.84,0.09092984,"sell"
1466295464,19864434,755.84,0.0133035,"sell"
1466295465,19864444,755.84,0.01330985,"sell"
1466295465,19864456,755.84,0.0909733,"sell"
1466295465,19864458,756.14,0.09316393,"sell"
1466295465,19864460,756.14,0.0133035,"sell"
1466295465,19864464,756.14,0.0909733,"sell"
1466295466,19864482,756.14,0.07133169,"sell"
1466295469,19864494,756.15,0.53826285,"sell"
1466295469,19864496,756.15,0.07133169,"sell"
1466295469,19864512,756.15,0.59075794,"sell"
1466295469,19864530,756.15,0.01948,"sell"
1466295470,19864542,756.15,0.02445102,"sell"
1466295471,19864550,756.15,0.21616625,"sell"
1466295470,19864568,756.15,0.02445365,"sell"
1466295471,19864578,756.15,0.02445102,"sell"
1466295471,19864584,756.15,0.4989365,"sell"
1466295471,19864592,756.15,3.984584,"sell"
1466295471,19864594,756.15,0.08702293,"sell"
1466295471,19864598,756.15,0.15592524,"sell"
1466295473,19864616,755.82,0.21616625,"sell"
1466295473,19864622,755.82,0.02445365,"sell"
1466295473,19864624,755.82,0.0244617,"sell"
1466295473,19864630,755.82,0.0244617,"sell"
1466295475,19864646,755.82,0.07130243,"sell"
1466295475,19864648,755.82,0.0244617,"sell"
1466295475,19864654,755.82,0.02445365,"sell"
1466295475,19864660,755.53,11.28349268,"sell"
1466295475,19864664,755.82,8.67740891,"sell"
1466295476,19864680,755.52,0.02445365,"sell"
1466295476,19864682,755.52,0.0244617,"sell"
1466295476,19864686,755.52,0.04899088,"sell"
1466295477,19864690,755.52,0.02446335,"sell"
1466295476,19864698,755.52,0.0244617,"sell"
1466295477,19864712,755.52,0.07130243,"sell"
1466295477,19864722,755.52,0.0244617,"sell"
1466295477,19864724,755.52,0.02446335,"sell"
1466295477,19864728,755.52,2.89896014,"sell"
1466295477,19864732,755.52,0.0244617,"sell"
1466295477,19864736,755.52,0.04899088,"sell"
1466295477,19864744,755.52,0.0245805,"sell"
1466295478,19864756,755.52,0.02445365,"sell"
1466295478,19864760,755.52,0.0351972,"sell"
1466295478,19864766,755.52,0.02014901,"sell"
1466295478,19864768,755.52,0.1544758,"sell"
1466295478,19864770,755.52,0.16181737,"sell"
1466295478,19864772,755.52,3.335139,"sell"
1466295478,19864774,755.52,0.02110661,"sell"
1466295478,19864788,755.52,0.0244617,"sell"
1466295478,19864792,755.52,0.0244617,"sell"
1466295478,19864796,755.52,0.04899088,"sell"
1466295478,19864800,755.52,0.26984526,"sell"
1466295479,19864802,755.52,0.0244617,"sell"
1466295479,19864804,755.52,0.02445365,"sell"
1466295479,19864806,755.52,0.1544758,"sell"
1466295479,19864810,755.52,0.04899088,"sell"
1466295479,19864814,755.52,0.02014901,"sell"
1466295479,19864816,755.52,0.0351972,"sell"
1466295479,19864818,755.52,0.02446335,"sell"
1466295479,19864820,755.52,0.0245805,"sell"
1466295479,19864822,755.53,0.40976108,"buy"
1466295479,19864832,755.52,0.0244617,"sell"
1466295479,19864836,755.54,0.02110661,"sell"
1466295479,19864840,755.54,4.71913231,"sell"
1466295480,19864842,755.53,0.25,"buy"
1466295480,19864844,755.52,0.0244617,"sell"
1466295480,19864846,755.52,0.07130243,"sell"
1466295480,19864852,755.52,0.02445365,"sell"
1466295480,19864854,755.52,0.0351972,"sell"
1466295480,19864858,755.52,0.1544758,"sell"
1466295480,19864860,755.52,0.02110661,"sell"
1466295480,19864866,755.52,0.0244617,"sell"
1466295480,19864874,755.52,0.0245805,"sell"
1466295480,19864880,755.52,0.04556354,"sell"
1466295480,19864884,755.52,1.55097708,"sell"
1466295481,19864888,755.52,0.0351972,"sell"
1466295481,19864890,755.52,0.0244617,"sell"
1466295480,19864892,755.52,1.78451292,"sell"
1466295481,19864894,755.52,0.0245805,"sell"
1466295481,19864902,755.52,0.02445365,"sell"
1466295481,19864908,755.52,0.02110661,"sell"
1466295481,19864918,755.52,0.0351972,"sell"
1466295481,19864920,755.52,0.0244617,"sell"
1466295482,19864928,755.52,0.0244617,"sell"
1466295481,19864930,755.52,0.0245805,"sell"
1466295481,19864932,755.52,0.04556354,"sell"
1466295482,19864936,755.52,0.02445365,"sell"
1466295482,19864938,755.52,0.02110661,"sell"
1466295482,19864944,755.52,0.0351972,"sell"
1466295482,19864962,755.52,0.16181737,"sell"
1466295483,19864966,755.51,0.00826522,"sell"
1466295483,19864968,755.52,0.03729832,"sell"
1466295483,19864970,755.52,0.0351972,"sell"
1466295483,19864972,755.52,0.0245805,"sell"
1466295483,19864974,755.52,0.02110661,"sell"
1466295483,19864978,755.51,0.02445365,"sell"
1466295483,19864980,755.51,0.025,"sell"
1466295483,19865006,755.51,0.02445365,"sell"
1466295483,19865008,755.51,0.0351972,"sell"
1466295483,19865012,755.51,0.02110661,"sell"
1466295483,19865016,755.51,0.16181737,"sell"
1466295483,19865018,755.51,0.0245805,"sell"
1466295484,19865026,755.51,0.0245805,"sell"
1466295484,19865028,755.51,0.02445365,"sell"
1466295484,19865030,755.52,0.27,"buy"
1466295484,19865036,755.51,0.0351972,"sell"
1466295484,19865040,755.51,0.02110661,"sell"
1466295485,19865054,755.52,0.025,"buy"
1466295485,19865060,755.51,0.02110661,"sell"
1466295485,19865064,755.51,0.0351972,"sell"
1466295485,19865068,755.51,0.02445365,"sell"
1466295485,19865074,755.51,0.0245805,"sell"
1466295486,19865090,755.51,0.0245805,"sell"
1466295486,19865092,755.51,0.02110661,"sell"
1466295486,19865096,755.51,0.02445365,"sell"
1466295486,19865098,755.51,0.0351972,"sell"
1466295486,19865110,755.51,0.194164,"sell"
1466295486,19865112,755.51,0.0245805,"sell"
1466295486,19865114,755.51,0.02110661,"sell"
1466295486,19865118,755.52,0.14740482,"buy"
1466295486,19865120,755.52,0.13259518,"buy"
1466295486,19865122,755.51,0.02445365,"sell"
1466295486,19865130,755.51,0.04556354,"sell"
1466295487,19865136,755.51,0.02445365,"sell"
1466295486,19865138,755.51,0.0351972,"sell"
1466295487,19865140,755.51,0.0351972,"sell"
1466295487,19865144,755.51,0.02110661,"sell"
1466295487,19865146,755.51,0.0245805,"sell"
1466295488,19865150,755.51,0.16181737,"sell"
1466295487,19865154,755.51,0.1544758,"sell"
1466295487,19865156,755.51,0.3493205,"sell"
1466295488,19865158,755.51,0.02445365,"sell"
1466295488,19865160,755.51,0.04556354,"sell"
1466295487,19865162,755.51,0.0244617,"sell"
1466295488,19865170,755.51,0.02110661,"sell"
1466295488,19865172,755.51,0.3493205,"sell"
1466295488,19865176,755.51,0.0351972,"sell"
1466295488,19865178,755.51,0.0245805,"sell"
1466295489,19865180,755.52,0.1544758,"sell"
1466295488,19865182,755.51,1.626149,"sell"
1466295488,19865184,755.51,0.1544758,"sell"
1466295488,19865188,755.51,0.0244617,"sell"
1466295489,19865194,755.52,0.04556354,"sell"
1466295489,19865198,755.52,0.07996066,"sell"
1466295489,19865200,755.51,0.08185671,"sell"
1466295489,19865202,755.51,0.02445365,"sell"
1466295489,19865204,755.51,0.0245805,"sell"
1466295489,19865208,755.51,0.02445365,"sell"
1466295489,19865210,755.51,0.04138907,"sell"
1466295489,19865212,755.51,0.16181737,"sell"
1466295489,19865214,755.51,0.0351972,"sell"
1466295489,19865224,755.51,0.03075408,"sell"
1466295491,19865276,755.51,0.43504221,"sell"
1466295492,19865288,755.51,1.6598477,"sell"
1466295492,19865296,755.51,0.0245805,"sell"
1466295492,19865298,755.51,0.3493205,"sell"
1466295492,19865300,755.51,0.04556354,"sell"
1466295493,19865306,755.51,0.0351972,"sell"
1466295492,19865310,755.51,0.02110661,"sell"
1466295493,19865314,755.51,0.04556354,"sell"
1466295493,19865316,755.51,0.16181737,"sell"
1466295493,19865318,755.51,0.02445365,"sell"
1466295493,19865320,755.51,0.3493205,"sell"
1466295493,19865324,755.51,0.0245805,"sell"
1466295493,19865332,755.51,0.0351972,"sell"
1466295493,19865336,755.51,0.02445365,"sell"
1466295494,19865338,755.51,0.0245805,"sell"
1466295493,19865340,755.51,0.02110661,"sell"
1466295494,19865344,755.51,0.0351972,"sell"
1466295495,19865366,755.51,0.0245805,"sell"
1466295496,19865370,755.51,0.01995,"sell"
1466295496,19865372,755.51,0.0351972,"sell"
1466295496,19865380,755.52,0.04594826,"buy"
1466295497,19865386,755.52,0.02110661,"sell"
1466295497,19865392,755.53,1.72656919,"buy"
1466295497,19865394,755.54,0.04855954,"buy"
1466295499,19865414,755.52,0.04470539,"sell"
1466295499,19865416,755.51,0.0351972,"sell"
1466295499,19865418,755.52,0.16181737,"sell"
1466295500,19865422,755.51,0.04556354,"sell"
1466295500,19865424,755.51,0.09466138,"sell"
1466295500,19865426,755.51,0.02445365,"sell"
1466295501,19865432,755.81,6.80822738,"buy"
1466295502,19865434,755.81,7.262e-05,"sell"
1466295502,19865438,755.52,0.07858475,"sell"
1466295504,19865448,755.52,0.01393294,"sell"
1466295504,19865452,755.52,0.01394053,"sell"
1466295506,19865462,755.52,0.04998083,"sell"
1466295506,19865468,755.81,0.04998083,"buy"
1466295506,19865476,755.82,0.14217435,"buy"
1466295506,19865478,755.82,0.01148025,"sell"
1466295506,19865482,755.82,0.54716424,"buy"
1466295507,19865486,755.82,0.01148025,"sell"
1466295507,19865488,755.82,2.072723,"sell"
1466295507,19865490,755.82,0.04998083,"sell"
1466295508,19865492,755.52,0.04709818,"sell"
1466295508,19865494,755.52,0.04998083,"sell"
1466295509,19865502,755.82,0.446367,"buy"
1466295511,19865504,755.88,0.015684,"sell"
1466295511,19865512,755.88,1.239346,"sell"
1466295513,19865518,755.88,0.457539,"sell"
1466295514,19865530,755.88,0.01929572,"sell"
1466295513,19865532,755.88,0.058,"sell"
1466295514,19865536,755.88,0.01463717,"sell"
1466295515,19865546,755.88,0.014091,"sell"
1466295516,19865550,755.88,0.236737,"sell"
1466295516,19865558,755.88,0.01929572,"sell"
1466295516,19865560,755.88,0.6996911,"sell"
1466295519,19865598,755.88,7.73500229,"sell"
1466295518,19865604,755.88,0.02,"sell"
1466295518,19865606,755.88,0.799081,"sell"
1466295519,19865608,755.54,0.216737,"sell"
1466295519,19865610,755.72,0.02,"sell"
1466295519,19865624,755.88,0.05151782,"buy"
1466295519,19865626,755.88,0.819081,"buy"
1466295519,19865630,755.89,5.71040118,"sell"
1466295519,19865632,755.84,0.02380175,"sell"
1466295520,19865650,755.84,0.049475,"sell"
1466295520,19865654,755.84,0.76991546,"sell"
1466295520,19865656,755.84,4.812079,"sell"
1466295520,19865674,755.84,0.0690673,"sell"
1466295521,19865682,755.84,7.09997602,"sell"
1466295521,19865684,755.84,0.02738547,"sell"
1466295521,19865686,755.51,0.05151782,"sell"
1466295521,19865688,755.51,0.84890292,"sell"
1466295522,19865702,755.51,0.05151782,"sell"
1466295522,19865706,755.51,0.19407619,"sell"
1466295522,19865714,755.51,0.04085252,"sell"
1466295522,19865716,755.51,0.02738547,"sell"
1466295522,19865718,755.51,0.03730092,"sell"
1466295522,19865722,755.51,0.0690673,"sell"
