"timestamp","tid","price","amount","sell"
1466286614,19850588,0.0155,50,"sell"
1466286618,19850590,0.0155,50,"sell"
1466286618,19850592,0.0155,50,"sell"
1466286621,19850594,0.0155,50,"sell"
1466286623,19850600,0.0155,20.59489738,"sell"
1466286624,19850604,0.0155,24.04417798,"sell"
1466286626,19850606,0.0155,50,"sell"
1466286631,19850610,0.0155,50,"sell"
1466286635,19850614,0.0155,50,"sell"
1466286636,19850616,0.0155,450,"sell"
1466286636,19850618,0.0155,0.12961771,"sell"
1466286637,19850620,0.0155,48.432,"sell"
1466286637,19850622,0.0155,50,"sell"
1466286639,19850624,0.0155,7.897,"sell"
1466286639,19850626,0.0155,16,"sell"
1466286640,19850628,0.0155,16,"sell"
1466286641,19850630,0.0155,21.57,"sell"
1466286644,19850632,0.0155,0.12961771,"sell"
1466286644,19850634,0.0155,148.8,"sell"
1466286644,19850636,0.0155,7.527,"sell"
1466286646,19850640,0.0155,4.58720097,"sell"
1466286646,19850642,0.0155,1.09158021,"sell"
1466286646,19850644,0.0155,9.83286736,"sell"
1466286647,19850646,0.0155,1,"sell"
1466286649,19850648,0.0155,29.222,"sell"
1466286649,19850650,0.0155,9.83604265,"sell"
1466286650,19850652,0.0155,0.2728951,"sell"
1466286650,19850654,0.0155,9.00248474,"sell"
1466286651,19850656,0.0155,56.25133,"sell"
1466286652,19850658,0.0155,0.1302935,"sell"
1466286653,19850660,0.0155,4.17696381,"sell"
1466286653,19850662,0.0155,0.4589,"sell"
1466286653,19850664,0.0155,527.16660288,"sell"
1466286655,19850666,0.015404,115.22,"sell"
1466286655,19850668,0.01546,3.202965,"sell"
1466286655,19850670,0.0154,90,"sell"
1466286656,19850672,0.01539,6.0036,"sell"
1466286656,19850674,0.015387,10.00959296,"sell"
1466286671,19850688,0.015355,13.51521078,"sell"
1466286677,19850694,0.01527,2.243809,"sell"
1466286677,19850696,0.015319,1,"sell"
1466286677,19850698,0.01529,3.400071,"sell"
1466286677,19850706,0.015291,1.65601644,"sell"
1466286678,19850712,0.015266,98.06140098,"buy"
1466286680,19850728,0.015316,0.85627995,"buy"
1466286680,19850730,0.015317,0.11168832,"buy"
1466286681,19850736,0.015316,0.47829796,"buy"
1466286690,19850742,0.015316,10,"buy"
1466286698,19850764,0.015191,1.66721188,"sell"
1466286698,19850766,0.01519,10.52,"sell"
1466286698,19850768,0.0152,9.465292,"sell"
1466286698,19850770,0.015153,1,"sell"
1466286698,19850772,0.015152,59.84749612,"buy"
1466286713,19850798,0.015295,1.09769,"buy"
1466286715,19850806,0.01536,0.6256085,"buy"
1466286715,19850808,0.015459,2.9743915,"buy"
1466286715,19850810,0.01539,6.4,"buy"
1466286721,19850830,0.015208,4.55926071,"sell"
1466286721,19850832,0.015209,32.1608,"sell"
1466286722,19850834,0.01546,1,"buy"
1466286722,19850836,0.01537,0.81479895,"buy"
1466286722,19850838,0.015478,36.55237458,"buy"
1466286722,19850840,0.01544,0.11735,"buy"
1466286722,19850842,0.01543,0.44296026,"buy"
1466286722,19850844,0.01539,0.33742845,"buy"
1466286722,19850846,0.015459,0.12410983,"buy"
1466286722,19850848,0.01546,1,"buy"
1466286722,19850850,0.01546,1.31328119,"buy"
1466286722,19850852,0.01539,7.2,"buy"
1466286722,19850854,0.015457,1.09769674,"buy"
1466286729,19850876,0.01529,0.37620863,"buy"
1466286738,19850880,0.015217,39.578684,"sell"
1466286740,19850890,0.015385,130.1198,"buy"
1466286740,19850892,0.01539,5.8,"buy"
1466286740,19850894,0.01539,4.2,"buy"
1466286752,19850912,0.015221,1.44375196,"sell"
1466286752,19850914,0.01522,4.05042005,"sell"
1466286752,19850920,0.015221,0.1,"sell"
1466286753,19850922,0.01522,14.40582122,"buy"
1466286757,19850936,0.01529,2.8,"buy"
1466286758,19850940,0.015378,31.254895,"buy"
1466286758,19850942,0.015379,18.745105,"buy"
1466286759,19850948,0.015142,435.21247185,"sell"
1466286759,19850950,0.015143,14.78752815,"sell"
1466286766,19850968,0.015151,1.67243634,"sell"
1466286766,19850970,0.015151,1.44375196,"sell"
1466286766,19850972,0.01513,3.609742,"sell"
1466286766,19850974,0.015121,1.20128543,"sell"
1466286766,19850976,0.015151,0.11064257,"sell"
1466286766,19850978,0.015065,24.14046022,"sell"
1466286766,19850982,0.01513,0.22870072,"sell"
1466286766,19850984,0.015151,14.50897533,"sell"
1466286766,19850986,0.01513,0.73751443,"sell"
1466286766,19850988,0.01515,2.346491,"sell"
1466286767,19850992,0.015213,1.31150632,"buy"
1466286769,19851000,0.015212,33.66957342,"buy"
1466286770,19851010,0.01509,5.59999414,"buy"
1466286772,19851022,0.015213,0.13228821,"buy"
1466286772,19851024,0.015221,7.999995,"buy"
1466286773,19851028,0.01522,37.02101731,"buy"
1466286774,19851042,0.015007,3.34230891,"sell"
1466286774,19851046,0.015,8.04504653,"sell"
1466286774,19851050,0.015046,0.9008615,"sell"
1466286774,19851054,0.015054,13.04051905,"sell"
1466286774,19851056,0.01506,0.76897084,"sell"
1466286774,19851060,0.015003,3.74614273,"sell"
1466286774,19851064,0.01506,0.15615044,"sell"
1466286776,19851068,0.01509,3.49998851,"buy"
1466286781,19851088,0.015213,30.56551184,"buy"
1466286781,19851090,0.01521,0.2603116,"buy"
1466286781,19851092,0.015213,50,"buy"
1466286781,19851094,0.015213,190.55540933,"buy"
1466286783,19851110,0.015209,18.27566357,"buy"
1466286783,19851118,0.015209,12.55016643,"buy"
1466286783,19851120,0.0152,0.31543791,"buy"
1466286785,19851130,0.015142,0.99999429,"buy"
1466286785,19851132,0.015212,11.35356905,"buy"
1466286786,19851152,0.01513,2.346694,"sell"
1466286786,19851154,0.015131,1.6770002,"sell"
1466286787,19851156,0.015,200,"sell"
1466286790,19851162,0.015124,50,"buy"
1466286795,19851194,0.01506,1.11962857,"sell"
1466286799,19851196,0.015189,34.05815,"buy"
1466286799,19851198,0.01519,2.3,"buy"
1466286799,19851200,0.0152,0.54791909,"buy"
1466286799,19851202,0.0152,12.21448626,"buy"
1466286799,19851204,0.01519,0.87944465,"buy"
1466286802,19851206,0.015199,117.18478388,"buy"
1466286802,19851208,0.0152,0.51315677,"buy"
1466286802,19851210,0.0152,30,"buy"
1466286802,19851212,0.0152,93.67113691,"buy"
1466286802,19851216,0.0152,0.10711518,"buy"
1466286802,19851218,0.0152,0.42786318,"buy"
1466286802,19851220,0.01517,0.32673335,"buy"
1466286810,19851226,0.01503,0.58253913,"sell"
1466286810,19851232,0.01509,1.16838966,"buy"
1466286811,19851236,0.01503,0.78572222,"sell"
1466286815,19851244,0.015031,0.14675487,"sell"
1466286817,19851246,0.01502,0.79414866,"sell"
1466286821,19851250,0.015089,1.2,"buy"
1466286826,19851260,0.015,252.38083025,"sell"
1466286828,19851262,0.015,1,"sell"
1466286829,19851264,0.015,50,"sell"
1466286829,19851266,0.015016,5.01,"buy"
1466286830,19851268,0.015016,103.58,"buy"
1466286832,19851270,0.015,1,"sell"
1466286833,19851272,0.015,50,"sell"
1466286834,19851274,0.015017,32.19083,"buy"
1466286834,19851276,0.015016,47.075,"buy"
1466286834,19851278,0.015021,13.07055379,"buy"
1466286834,19851280,0.015018,141.272,"buy"
1466286834,19851282,0.015,30,"sell"
1466286836,19851286,0.015,98.937291,"sell"
1466286837,19851288,0.015,50,"sell"
1466286837,19851290,0.015,170.865,"sell"
1466286842,19851292,0.015,300,"sell"
1466286843,19851296,0.015,50,"sell"
1466286843,19851300,0.015,177.7,"sell"
1466286844,19851302,0.015,4.77365,"sell"
1466286845,19851304,0.015,27.7433225,"sell"
1466286845,19851306,0.015,2.9,"sell"
1466286847,19851308,0.015,19.412957,"sell"
1466286848,19851312,0.015,5.24190272,"sell"
1466286848,19851314,0.015001,1.55,"sell"
1466286848,19851316,0.015,23.20809728,"sell"
1466286849,19851318,0.015005,1,"buy"
1466286850,19851320,0.015,1.55,"sell"
1466286852,19851322,0.015,275.24190272,"sell"
1466286852,19851324,0.01496,0.86763322,"sell"
1466286852,19851326,0.01496,0.16963675,"sell"
1466286852,19851328,0.01496,3.832816,"sell"
1466286852,19851330,0.01496,0.32986006,"sell"
1466286852,19851332,0.014999,4.08244007,"sell"
1466286852,19851334,0.01495,0.41975346,"sell"
1466286852,19851336,0.014943,1.33674463,"sell"
1466286852,19851338,0.01489,0.64833474,"sell"
1466286852,19851340,0.014996,0.41744324,"sell"
1466286852,19851342,0.014871,17.71699155,"sell"
1466286852,19851344,0.01496,0.81511503,"sell"
1466286852,19851346,0.01496,0.12132853,"sell"
1466286853,19851348,0.014959,1.0815135,"buy"
1466286857,19851360,0.014956,1.08203516,"buy"
1466286859,19851364,0.014872,5,"sell"
1466286866,19851374,0.014871,455.199,"sell"
1466286866,19851376,0.014872,144.801,"sell"
1466286866,19851380,0.014947,1.10222103,"buy"
1466286878,19851396,0.014889,0.7,"buy"
1466286881,19851400,0.014871,161.216,"sell"
1466286881,19851402,0.014873,138.784,"sell"
1466286883,19851406,0.014871,11.684015,"sell"
1466286884,19851414,0.014871,61.549959,"sell"
1466286884,19851418,0.014871,1.538089,"sell"
1466286884,19851420,0.014871,3.7,"sell"
1466286885,19851422,0.014871,98.42788,"sell"
1466286885,19851424,0.014871,1.521497,"sell"
1466286889,19851432,0.014873,1,"buy"
1466286893,19851446,0.014871,62.902622,"sell"
1466286893,19851448,0.014871,64.017214,"sell"
1466286898,19851454,0.014937,50,"buy"
1466286907,19851482,0.014931,2.29,"buy"
1466286907,19851484,0.014932,47.71,"buy"
1466286912,19851496,0.0149,2.542845,"sell"
1466286919,19851504,0.014978,50,"buy"
1466286920,19851506,0.0151,0.59393227,"buy"
1466286920,19851508,0.0151,0.67909657,"buy"
1466286920,19851510,0.01499,1.2,"buy"
1466286920,19851512,0.014999,0.1,"buy"
1466286920,19851514,0.0151,0.85513836,"buy"
1466286920,19851516,0.0151,0.13047301,"buy"
1466286920,19851518,0.015099,0.13173441,"buy"
1466286920,19851520,0.015,1,"buy"
1466286920,19851522,0.0151,0.71554458,"buy"
1466286920,19851524,0.01511,0.99872571,"buy"
1466286920,19851526,0.0151,0.74194514,"buy"
1466286920,19851528,0.0151,0.35150986,"buy"
1466286920,19851530,0.0151,0.30985063,"buy"
1466286920,19851532,0.01511,0.61846071,"buy"
1466286920,19851534,0.01511,0.59082108,"buy"
1466286920,19851536,0.01511,0.82777118,"buy"
1466286920,19851538,0.015142,0.64222401,"buy"
1466286920,19851540,0.015219,0.28661936,"buy"
1466286920,19851542,0.015352,37.82232391,"buy"
1466286920,19851544,0.015131,1,"buy"
1466286920,19851548,0.01522,0.40382921,"buy"
1466286928,19851552,0.015,0.22944015,"buy"
1466286929,19851554,0.015,0.82690817,"buy"
1466286935,19851560,0.015018,0.56020814,"sell"
1466286938,19851562,0.015017,0.68699234,"sell"
1466286942,19851566,0.01503,0.97083562,"buy"
1466286942,19851568,0.01506,0.18337126,"buy"
1466286943,19851570,0.015149,88.54846395,"buy"
1466286943,19851572,0.01511,0.68541997,"buy"
1466286943,19851574,0.01507,0.76611608,"buy"
1466286946,19851586,0.01506,0.18337126,"sell"
1466286946,19851588,0.01504,0.68313328,"buy"
1466286948,19851590,0.015062,0.50820219,"sell"
1466286950,19851592,0.015189,50,"buy"
1466286951,19851594,0.015065,0.24743407,"sell"
1466286955,19851598,0.015066,0.20427674,"sell"
1466286955,19851600,0.015189,47.3,"buy"
1466286955,19851602,0.015188,2.7,"buy"
1466286957,19851604,0.015068,0.78774166,"sell"
1466286960,19851610,0.015072,0.74184888,"sell"
1466286963,19851614,0.015179,50,"buy"
1466286964,19851616,0.015074,0.84574341,"sell"
1466286966,19851626,0.01508,0.89456528,"sell"
1466286970,19851630,0.015081,0.42089793,"sell"
1466286973,19851632,0.01519,0.4,"buy"
1466286973,19851634,0.01518,5,"buy"
1466286973,19851636,0.01519,0.2,"buy"
1466286973,19851638,0.01519,0.1,"buy"
1466286973,19851640,0.015237,76.99,"buy"
1466286973,19851642,0.015237,150,"buy"
1466286974,19851644,0.015082,0.62767326,"sell"
1466286978,19851646,0.015237,109.69474394,"buy"
1466286980,19851648,0.0151,0.14020287,"buy"
1466286982,19851650,0.015178,0.8300873,"sell"
1466286986,19851652,0.015178,0.83770364,"sell"
1466286987,19851654,0.015237,23.817612,"buy"
1466286989,19851656,0.015178,0.53154301,"sell"
1466286989,19851658,0.015237,645.75491593,"buy"
1466286990,19851660,0.015237,1.89,"buy"
1466286993,19851668,0.015237,50,"buy"
1466286993,19851670,0.015237,23.909592,"buy"
1466286994,19851672,0.015179,0.34656491,"sell"
1466286995,19851674,0.015237,50,"buy"
1466286996,19851676,0.015237,5.91,"buy"
1466286997,19851678,0.015237,50,"buy"
1466286997,19851680,0.015179,0.77310079,"sell"
1466286999,19851682,0.015237,41.005358,"buy"
1466287000,19851684,0.015237,50,"buy"
1466287000,19851686,0.015179,0.97426342,"sell"
1466287004,19851688,0.015221,0.92255645,"sell"
1466287006,19851690,0.015237,234.953735,"buy"
1466287006,19851692,0.015237,117.519264,"buy"
1466287007,19851694,0.015221,0.87631171,"sell"
1466287007,19851696,0.015237,2.538039,"buy"
1466287009,19851698,0.015237,33.594961,"buy"
1466287011,19851700,0.015237,131.559987,"buy"
1466287011,19851702,0.015237,200.861792,"buy"
1466287011,19851704,0.015221,0.52251321,"sell"
1466287014,19851708,0.015221,0.00834381,"sell"
1466287014,19851710,0.015222,0.5,"sell"
1466287018,19851714,0.015282,3.97161,"buy"
1466287018,19851716,0.015282,3.97161,"buy"
1466287018,19851718,0.015281,3.97161,"buy"
1466287018,19851720,0.015241,0.30065917,"sell"
1466287020,19851722,0.01528,3.579341,"buy"
1466287020,19851724,0.01528,0.392269,"buy"
1466287020,19851728,0.015281,3.97161,"buy"
1466287022,19851730,0.015241,0.9737007,"sell"
1466287025,19851732,0.015241,0.4460864,"sell"
1466287036,19851742,0.0153,0.98322069,"buy"
1466287044,19851748,0.015301,34.43034,"sell"
1466287044,19851750,0.0153,15.56966,"sell"
1466287048,19851752,0.0153,50,"sell"
1466287072,19851762,0.01532,0.26477819,"sell"
1466287075,19851764,0.01532,0.79962843,"sell"
1466287076,19851768,0.01532,47.967,"sell"
1466287083,19851770,0.01532,50,"sell"
1466287087,19851772,0.01532,0.31336995,"sell"
1466287097,19851784,0.01532,0.65522343,"sell"
1466287097,19851786,0.0153,33.44711931,"sell"
1466287099,19851788,0.015254,21.7298,"sell"
1466287099,19851790,0.015254,4.670201,"sell"
1466287100,19851792,0.015254,0.50671831,"sell"
1466287100,19851794,0.015237,6.51057349,"sell"
1466287100,19851796,0.015237,0.29188556,"sell"
1466287102,19851798,0.0152,9.23282264,"buy"
1466287108,19851802,0.0152,7.25163779,"sell"
1466287108,19851804,0.015144,17.9,"sell"
1466287108,19851806,0.015171,3.2,"sell"
1466287108,19851808,0.01517,16,"sell"
1466287108,19851810,0.01517,12.9,"sell"
1466287118,19851814,0.015285,24.52298175,"buy"
1466287118,19851816,0.01515,0.23,"buy"
1466287120,19851818,0.015145,0.23,"sell"
1466287126,19851822,0.01519,0.5,"buy"
1466287127,19851828,0.015272,150,"buy"
1466287128,19851830,0.01523,0.1,"sell"
1466287129,19851832,0.01523,0.15290226,"sell"
1466287129,19851834,0.01516,0.63746023,"sell"
1466287129,19851836,0.015146,14.20963751,"sell"
1466287152,19851844,0.01522,0.17707263,"sell"
1466287152,19851846,0.01522,0.92292737,"sell"
1466287153,19851848,0.01522,0.1,"sell"
1466287155,19851850,0.01522,0.56294135,"sell"
1466287164,19851854,0.01515,0.1,"sell"
1466287169,19851856,0.01515,25,"sell"
1466287170,19851858,0.01515,0.1,"sell"
1466287173,19851864,0.01515,0.1,"sell"
1466287173,19851868,0.01515,24.7,"sell"
1466287173,19851870,0.01515,3.922502,"sell"
1466287174,19851872,0.01515,7.216562,"sell"
1466287175,19851874,0.015146,6.139064,"sell"
1466287175,19851876,0.01515,18.860936,"sell"
1466287176,19851878,0.015146,1.077498,"sell"
1466287176,19851880,0.015111,12.292591,"sell"
1466287189,19851882,0.0151,0.1,"sell"
1466287192,19851884,0.0151,0.1,"sell"
1466287195,19851886,0.015102,6.6,"buy"
1466287195,19851888,0.0151,0.1,"buy"
1466287202,19851890,0.01506,2.384344,"sell"
1466287202,19851892,0.01506,0.18337126,"sell"
1466287202,19851894,0.015033,9.1645,"sell"
1466287202,19851896,0.01506,7,"sell"
1466287202,19851898,0.015088,34.383475,"sell"
1466287202,19851900,0.015013,1.78324148,"sell"
1466287202,19851902,0.01506,0.18337126,"sell"
1466287202,19851904,0.01503,0.97083562,"sell"
1466287202,19851906,0.015012,54.3244,"sell"
1466287202,19851908,0.015032,42.8525,"sell"
1466287202,19851910,0.015001,13.22579552,"sell"
1466287202,19851912,0.015,328.54416586,"sell"
1466287202,19851914,0.015087,5,"sell"
1466287210,19851920,0.015005,9.505233,"sell"
1466287218,19851942,0.015061,12.49844072,"sell"
1466287233,19851958,0.01506,25,"sell"
1466287237,19851974,0.01506,1.09808447,"sell"
1466287239,19851976,0.01506,0.23,"sell"
1466287242,19851978,0.01506,0.23,"sell"
1466287244,19851984,0.01506,25,"sell"
1466287245,19851986,0.01506,0.23,"sell"
1466287247,19851988,0.01506,0.23,"sell"
1466287251,19851990,0.015061,25,"sell"
1466287253,19851992,0.01506,447.98191553,"sell"
1466287254,19851994,0.015079,0.9,"buy"
1466287258,19852004,0.01506,1,"sell"
1466287261,19852010,0.015078,0.9,"buy"
1466287290,19852020,0.015061,0.9,"sell"
1466287299,19852022,0.015061,0.9,"sell"
1466287322,19852038,0.01509,0.1,"buy"
1466287322,19852040,0.015131,0.105305,"buy"
1466287322,19852042,0.015118,0.873859,"buy"
1466287322,19852044,0.015118,15.023236,"buy"
1466287322,19852046,0.015113,2.2,"buy"
1466287322,19852048,0.015114,131.6976,"buy"
1466287343,19852058,0.01507,25,"sell"
1466287380,19852062,0.01507,144.431722,"sell"
1466287385,19852064,0.01507,49.964465,"sell"
1466287389,19852066,0.015109,131.2669,"buy"
1466287389,19852068,0.015108,158.686,"buy"
1466287389,19852070,0.015083,30.65202,"buy"
1466287389,19852072,0.015139,2.9564,"buy"
1466287389,19852074,0.015131,27.600695,"buy"
1466287389,19852076,0.015164,4.68915367,"buy"
1466287389,19852078,0.01519,0.1,"buy"
1466287389,19852080,0.01513,16,"buy"
1466287389,19852082,0.01515,0.1,"buy"
1466287389,19852084,0.01515,0.1,"buy"
1466287389,19852086,0.01513,16,"buy"
1466287389,19852088,0.01515,0.1,"buy"
1466287389,19852090,0.015189,0.14474278,"buy"
1466287389,19852092,0.01519,0.2789683,"buy"
1466287389,19852094,0.015195,175.8585,"buy"
1466287389,19852096,0.015198,650,"buy"
1466287389,19852098,0.0152,0.35724428,"buy"
1466287389,19852100,0.01521,0.143873,"buy"
1466287389,19852102,0.01522,0.1,"buy"
1466287389,19852104,0.0152,0.25143614,"buy"
1466287389,19852106,0.01522,1,"buy"
1466287389,19852108,0.01521,0.78708654,"buy"
1466287389,19852110,0.01523,0.1,"buy"
1466287389,19852112,0.01523,0.1,"buy"
1466287389,19852114,0.01523,0.1,"buy"
1466287389,19852116,0.01523,0.1,"buy"
1466287389,19852118,0.01523,0.1,"buy"
1466287389,19852120,0.01523,0.1,"buy"
1466287389,19852122,0.01523,0.08473801,"buy"
1466287389,19852124,0.01523,5.581e-05,"buy"
1466287389,19852126,0.015318,3.04204365,"buy"
1466287389,19852128,0.01523,0.00149704,"buy"
1466287389,19852130,0.01529,0.1,"buy"
1466287389,19852132,0.01529,0.1,"buy"
1466287392,19852134,0.015071,4.429,"sell"
1466287397,19852138,0.01507,23.69709574,"sell"
1466287398,19852140,0.01507,96.17225274,"sell"
1466287398,19852142,0.015077,0.11064257,"buy"
1466287419,19852154,0.01507,163.55082,"sell"
1466287426,19852166,0.01506,25,"sell"
1466287426,19852168,0.01506,1.22,"sell"
1466287426,19852170,0.01506,25,"sell"
1466287428,19852174,0.01506,3.09,"sell"
1466287429,19852176,0.01506,2.979944,"sell"
1466287429,19852178,0.01506,2.518507,"sell"
1466287429,19852180,0.01506,2.979944,"sell"
1466287430,19852182,0.01506,4.64,"sell"
1466287430,19852184,0.01506,138.606,"sell"
1466287431,19852186,0.01506,58.394486,"sell"
1466287432,19852188,0.01506,7.809,"sell"
1466287432,19852190,0.01506,1.16223634,"sell"
1466287432,19852192,0.01506,1.898742,"sell"
1466287432,19852194,0.01506,25,"sell"
1466287432,19852196,0.01506,9.259755,"sell"
1466287433,19852198,0.01506,3.885024,"sell"
1466287437,19852200,0.01506,92.191,"sell"
1466287437,19852202,0.01506,10,"sell"
1466287440,19852204,0.01506,27.362478,"sell"
1466287440,19852210,0.01506,56.00288366,"sell"
1466287440,19852212,0.01506,30.68513734,"sell"
1466287440,19852214,0.01506,1.330056,"sell"
1466287441,19852216,0.01506,9.259911,"sell"
1466287441,19852218,0.01506,10,"sell"
1466287448,19852220,0.01506,6.68869922,"sell"
1466287450,19852222,0.01506,177.7,"sell"
1466287451,19852224,0.01506,8.371592,"sell"
1466287452,19852226,0.01506,4.04,"sell"
1466287453,19852228,0.01506,5.031,"sell"
1466287454,19852230,0.01506,246.89360444,"sell"
1466287461,19852232,0.01505,165.972,"sell"
1466287463,19852234,0.01505,165.261,"sell"
1466287464,19852238,0.01505,156.731,"sell"
1466287464,19852240,0.01505,19.93223042,"sell"
1466287466,19852242,0.01505,165.972,"sell"
1466287468,19852244,0.01505,158.864,"sell"
1466287469,19852246,0.01505,156.909,"sell"
1466287471,19852248,0.01505,171.658,"sell"
1466287472,19852250,0.01505,2.9,"sell"
1466287474,19852252,0.01505,1.843399,"sell"
1466287474,19852254,0.01505,87.891681,"sell"
1466287474,19852256,0.01505,3.258072,"sell"
1466287474,19852258,0.01505,3.006634,"sell"
1466287474,19852260,0.01505,2.960472,"sell"
1466287474,19852262,0.01505,14.669402,"sell"
1466287476,19852266,0.01505,1.039742,"sell"
1466287477,19852268,0.01505,133.3506,"sell"
1466287479,19852272,0.015052,169.881,"buy"
1466287479,19852274,0.01506,1,"buy"
1466287479,19852276,0.01517,0.83494067,"buy"
1466287479,19852278,0.01516,0.1279007,"buy"
1466287479,19852280,0.01516,0.53299486,"buy"
1466287479,19852282,0.01513,0.12890194,"buy"
1466287479,19852284,0.01509,0.1,"buy"
1466287479,19852286,0.015154,0.10129118,"buy"
1466287479,19852288,0.01517,0.236947,"buy"
1466287479,19852290,0.015111,9.216014,"buy"
1466287479,19852292,0.01516,0.38335832,"buy"
1466287479,19852294,0.01509,0.1,"buy"
1466287479,19852296,0.01518,0.25928476,"buy"
1466287479,19852298,0.01519,0.13856291,"buy"
1466287479,19852300,0.01518,0.92198008,"buy"
1466287479,19852302,0.01518,0.3678956,"buy"
1466287479,19852304,0.01519,0.82739162,"buy"
1466287479,19852306,0.015166,2.89078108,"buy"
1466287479,19852308,0.01519,0.76037919,"buy"
1466287479,19852310,0.01525,2.225806,"buy"
1466287479,19852312,0.015387,771.09445533,"buy"
1466287479,19852314,0.015198,3.3575,"buy"
1466287479,19852316,0.015324,0.40792996,"buy"
1466287479,19852318,0.015282,20.07720627,"buy"
1466287480,19852320,0.01505,1,"sell"
1466287479,19852322,0.015356,13.02747853,"buy"
1466287479,19852324,0.01532,1,"buy"
1466287480,19852326,0.01505,172.369,"sell"
1466287480,19852328,0.01505,30,"sell"
1466287481,19852330,0.01505,171.658,"sell"
1466287481,19852332,0.01505,14.465022,"sell"
1466287481,19852338,0.01505,2.960472,"sell"
1466287487,19852342,0.01505,1.814038,"sell"
1466287488,19852344,0.01505,1.146434,"sell"
1466287488,19852346,0.01505,2.083002,"sell"
1466287488,19852348,0.01505,1,"sell"
1466287488,19852350,0.01505,3.065821,"sell"
1466287488,19852352,0.01505,1.814038,"sell"
1466287489,19852354,0.01505,25,"sell"
1466287491,19852358,0.015054,5.06843,"sell"
1466287491,19852360,0.015054,2.083002,"sell"
1466287491,19852362,0.01505,8.81962488,"sell"
1466287491,19852364,0.015054,6.12330912,"sell"
1466287494,19852366,0.01505,133.4139,"sell"
1466287496,19852370,0.015052,25,"buy"
1466287499,19852372,0.01505,162.24,"sell"
1466287500,19852374,0.01505,153.888,"sell"
1466287500,19852376,0.01505,18.967216,"sell"
1466287500,19852378,0.01505,2.388665,"sell"
1466287502,19852380,0.01505,145.536,"sell"
1466287502,19852382,0.01505,0.4,"sell"
1466287503,19852384,0.01505,33.10265,"sell"
1466287504,19852386,0.01505,18.967216,"sell"
1466287506,19852388,0.01505,1.925182,"sell"
1466287506,19852390,0.01505,1.580585,"sell"
1466287506,19852392,0.01505,15.461449,"sell"
1466287506,19852394,0.01505,1,"sell"
1466287507,19852396,0.01505,1.925182,"sell"
1466287508,19852398,0.01505,15.461449,"sell"
1466287509,19852400,0.01505,1.580585,"sell"
1466287509,19852402,0.01505,153.533,"sell"
1466287509,19852404,0.01505,17.252381,"sell"
1466287510,19852406,0.01505,1,"sell"
1466287511,19852410,0.01505,132.9019,"sell"
1466287511,19852412,0.01505,138.0599557,"sell"
1466287513,19852422,0.014951,14.950257,"sell"
1466287517,19852444,0.014953,12.87266769,"sell"
1466287518,19852448,0.014953,2.24232662,"sell"
1466287519,19852458,0.014953,1.925182,"sell"
1466287524,19852484,0.014955,1.232111,"sell"
1466287526,19852496,0.014956,4.348185,"sell"
1466287526,19852498,0.014956,2.85258929,"sell"
1466287526,19852500,0.014954,8.86000271,"sell"
1466287526,19852502,0.014954,3.2,"sell"
1466287527,19852504,0.014955,7.65710605,"buy"
1466287529,19852522,0.014955,1.333154,"sell"
1466287531,19852524,0.015005,25,"buy"
1466287550,19852548,0.014955,4.082078,"sell"
1466287550,19852550,0.014955,6.476846,"sell"
1466287550,19852552,0.014955,3.727922,"sell"
1466287550,19852554,0.014955,0.10615768,"sell"
1466287550,19852556,0.014955,2.324667,"sell"
1466287550,19852558,0.014955,3.23103102,"sell"
1466287550,19852560,0.014954,6.052589,"sell"
1466287550,19852562,0.014955,3.91504555,"sell"
1466287550,19852564,0.01495,0.41398712,"sell"
1466287550,19852566,0.014955,0.81387555,"sell"
1466287550,19852568,0.014941,10.14493688,"sell"
1466287551,19852570,0.014931,1.84216405,"sell"
1466287551,19852572,0.01494,0.33196136,"sell"
1466287551,19852574,0.01493,22.50287459,"sell"
1466287553,19852582,0.014955,3.993152,"sell"
1466287553,19852586,0.014956,2.352236,"sell"
1466287553,19852590,0.014956,3.841768,"sell"
1466287553,19852594,0.014956,3.841768,"sell"
1466287556,19852612,0.014957,3.993152,"sell"
1466287556,19852614,0.014943,8.651568,"buy"
1466287556,19852616,0.014957,1.649683,"sell"
1466287556,19852618,0.014957,1.21441628,"sell"
1466287556,19852624,0.014957,1.88558372,"sell"
1466287558,19852634,0.014957,3.1,"buy"
1466287558,19852636,0.014957,1.114258,"buy"
1466287564,19852660,0.014944,8.66,"sell"
1466287564,19852662,0.014955,1,"buy"
1466287573,19852686,0.014974,5.8599492,"buy"
1466287580,19852692,0.015,25,"buy"
1466287581,19852694,0.014995,25,"buy"
1466287589,19852700,0.014985,25,"buy"
1466287590,19852702,0.014985,30,"buy"
1466287596,19852706,0.015,25,"buy"
1466287605,19852716,0.01519,2.393522,"buy"
1466287605,19852718,0.015003,132.8853,"buy"
1466287605,19852720,0.015006,13.618175,"buy"
1466287605,19852722,0.015233,20.31771655,"buy"
1466287605,19852724,0.015,450,"buy"
1466287605,19852726,0.01519,0.1,"buy"
1466287605,19852728,0.01502,0.66141122,"buy"
1466287605,19852730,0.01502,0.66510677,"buy"
1466287605,19852732,0.01502,0.51627081,"buy"
1466287605,19852734,0.015093,2.18749463,"buy"
1466287605,19852736,0.01501,0.25876209,"buy"
1466287619,19852746,0.01495,1,"sell"
1466287619,19852748,0.014951,4.37365689,"sell"
1466287619,19852750,0.01495,0.87634311,"sell"
1466287619,19852752,0.01495,1,"sell"
1466287620,19852758,0.01518,0.12365689,"buy"
1466287620,19852760,0.01518,0.12365689,"buy"
1466287645,19852766,0.015023,11.594139,"buy"
1466287645,19852768,0.015093,2.635861,"buy"
1466287645,19852770,0.015022,10.77,"buy"
1466287647,19852772,0.015088,25,"buy"
1466287657,19852774,0.015017,0.7726,"buy"
1466287658,19852776,0.015154,19.10396064,"buy"
1466287658,19852778,0.015153,5.7946234,"buy"
1466287658,19852780,0.015153,0.10141596,"buy"
1466287664,19852786,0.015144,84.96,"buy"
1466287667,19852788,0.015142,25,"buy"
1466287670,19852792,0.015142,5.35073036,"buy"
1466287670,19852794,0.015176,4.6081205,"buy"
1466287670,19852796,0.015178,4.73066001,"buy"
1466287670,19852798,0.015163,1.1589,"buy"
1466287670,19852800,0.015153,3.2,"buy"
1466287670,19852802,0.015229,0.7726,"buy"
1466287670,19852804,0.015143,9.5,"buy"
1466287670,19852806,0.015184,1.5452,"buy"
1466287670,19852808,0.015235,4.6081205,"sell"
1466287670,19852810,0.01523,2.390983,"buy"
1466287671,19852812,0.015235,372.17805227,"sell"
1466287677,19852842,0.01513,25,"buy"
1466287678,19852846,0.01513,25,"buy"
1466287678,19852848,0.01513,25,"buy"
1466287684,19852858,0.01513,88.335,"buy"
1466287687,19852860,0.015175,57.41,"buy"
1466287687,19852862,0.015176,1.09758,"buy"
1466287687,19852864,0.015235,24.70347523,"buy"
1466287687,19852866,0.015235,3.6184229,"buy"
1466287687,19852868,0.015235,0.4719682,"buy"
1466287687,19852870,0.01513,46.584,"buy"
1466287687,19852872,0.015129,33.99627,"buy"
1466287687,19852874,0.015235,5,"buy"
1466287687,19852876,0.01522,3.24596323,"buy"
1466287687,19852878,0.015249,410.04336664,"buy"
1466287687,19852880,0.01525,400,"buy"
1466287687,19852882,0.015221,6.15701856,"buy"
1466287687,19852884,0.01529,0.1,"buy"
1466287687,19852886,0.01535,238.39572942,"buy"
1466287696,19852896,0.015101,19.104,"sell"
1466287709,19852898,0.015252,3.6184229,"buy"
1466287709,19852900,0.015252,0.4719682,"buy"
1466287709,19852902,0.015348,0.11149792,"buy"
1466287709,19852904,0.015271,0.4719682,"buy"
1466287709,19852906,0.015257,164.45,"buy"
1466287709,19852908,0.015253,140.916,"buy"
1466287709,19852910,0.015254,4.3978704,"buy"
1466287709,19852912,0.015348,11.14979207,"buy"
1466287709,19852914,0.01535,11.60427058,"buy"
1466287709,19852916,0.015257,32.75048,"buy"
1466287709,19852918,0.015349,46.41708232,"buy"
1466287709,19852920,0.0153,2.390666,"buy"
1466287709,19852922,0.015356,13.26146637,"buy"
1466287709,19852924,0.015385,19.93487939,"buy"
1466287709,19852926,0.0154,48.05363565,"buy"
1466287712,19852928,0.015252,0.33363543,"buy"
1466287716,19852936,0.01526,13.5818512,"buy"
1466287716,19852938,0.015251,0.13833277,"buy"
1466287724,19852954,0.015249,30.463195,"buy"
1466287733,19852956,0.015156,0.13833277,"sell"
1466287759,19852984,0.0152,25,"sell"
1466287760,19852986,0.0152,25,"sell"
1466287763,19852990,0.015194,14.42002519,"sell"
1466287763,19852992,0.015193,10.57997481,"sell"
1466287770,19852994,0.015201,14.42002519,"sell"
1466287770,19852996,0.0152,10.57997481,"sell"
1466287835,19853030,0.015273,2.296308,"buy"
1466287838,19853044,0.015346,3.6184229,"sell"
1466287838,19853046,0.015346,14.656578,"sell"
1466287838,19853048,0.015346,3.29,"sell"
1466287838,19853050,0.015346,49.378,"sell"
1466287841,19853054,0.015399,4.38587353,"buy"
1466287841,19853056,0.015398,2.29630805,"buy"
1466287852,19853062,0.015399,23.4,"buy"
1466287852,19853064,0.0154,1.6,"buy"
1466287858,19853074,0.0154,77.88,"buy"
1466287859,19853076,0.0154,32.277151,"buy"
1466287866,19853088,0.01534,7.663487,"sell"
1466287866,19853090,0.015341,5.33,"sell"
1466287866,19853094,0.015431,31.06698,"buy"
1466287866,19853096,0.015432,3.99470985,"buy"
1466287866,19853098,0.015489,4.35833534,"buy"
1466287874,19853106,0.015485,10,"buy"
1466287882,19853108,0.0154,1.421954,"sell"
1466287890,19853110,0.0154,34.55,"sell"
1466287890,19853112,0.015401,3.2,"sell"
1466287893,19853120,0.0154,5,"sell"
1466287895,19853122,0.0154,9.028046,"sell"
1466287895,19853124,0.01535,4.999954,"sell"
1466287903,19853126,0.015351,56.809,"sell"
1466287944,19853148,0.01532,16,"sell"
1466287944,19853150,0.015342,22.39523384,"sell"
1466287944,19853152,0.015286,11.60476616,"sell"
1466287952,19853154,0.015347,19.618,"sell"
1466287956,19853156,0.0154,32.012244,"buy"
1466287958,19853158,0.0154,5.5897503,"buy"
1466287965,19853160,0.0154,40,"buy"
1466287979,19853162,0.0154,56.967773,"buy"
1466287979,19853164,0.0154,50,"buy"
1466287981,19853166,0.01539,9.045845,"buy"
1466287986,19853168,0.01539,20.954155,"buy"
1466288005,19853186,0.0154,11.54520079,"buy"
1466288005,19853188,0.015399,19.33264304,"buy"
1466288020,19853220,0.015378,20.69,"buy"
1466288021,19853222,0.015378,26.634398,"buy"
1466288024,19853224,0.015357,0.853258,"sell"
1466288024,19853226,0.015357,39.184,"sell"
1466288024,19853228,0.015357,25.269442,"sell"
1466288025,19853230,0.01535,8.20514,"sell"
1466288025,19853232,0.01535,4.79486,"sell"
1466288092,19853248,0.015273,2.296308,"sell"
1466288103,19853254,0.015242,38.8229,"sell"
1466288103,19853256,0.015211,48.5287,"sell"
1466288103,19853258,0.01526,3.3,"sell"
1466288103,19853260,0.015242,29.1172,"sell"
1466288103,19853262,0.015212,1.80907683,"sell"
1466288104,19853264,0.0152,182.30714889,"buy"
1466288118,19853298,0.015265,3.155591,"buy"
1466288138,19853310,0.015253,2.5980523,"buy"
1466288143,19853312,0.015253,5.3814917,"buy"
1466288162,19853320,0.01526,0.31013429,"buy"
1466288162,19853326,0.01526,0.19526974,"buy"
1466288163,19853330,0.01526,0.14494182,"buy"
1466288167,19853334,0.015265,4.09224585,"buy"
1466288167,19853336,0.01526,0.34965415,"buy"
1466288169,19853338,0.015265,0.19526974,"buy"
1466288172,19853340,0.015265,0.19526974,"buy"
1466288183,19853342,0.01524,0.63635933,"buy"
1466288184,19853344,0.01524,0.33229339,"buy"
1466288184,19853346,0.015265,0.34116767,"buy"
1466288184,19853348,0.01524,0.03134728,"buy"
1466288185,19853350,0.01528,1,"buy"
1466288186,19853352,0.01529,1,"buy"
1466288189,19853354,0.015354,4.81537634,"buy"
1466288189,19853356,0.015355,38.39338568,"buy"
1466288189,19853360,0.015355,84.55704148,"buy"
1466288197,19853362,0.015349,47.64650646,"buy"
1466288209,19853368,0.01522,0.5,"sell"
1466288211,19853370,0.01522,0.5,"buy"
1466288221,19853384,0.015379,17.3687,"buy"
1466288221,19853386,0.015334,8.22,"buy"
1466288221,19853388,0.015354,16.7037,"buy"
1466288221,19853390,0.015339,4.23,"buy"
1466288221,19853392,0.015368,174.2356,"buy"
1466288221,19853394,0.015338,0.4,"buy"
1466288221,19853396,0.01534,16,"buy"
1466288221,19853398,0.01538,0.38590565,"buy"
1466288221,19853400,0.01538,0.70277184,"buy"
1466288221,19853402,0.015422,50.89944877,"buy"
1466288221,19853404,0.01534,16,"buy"
1466288221,19853406,0.01537,0.28950697,"buy"
1466288221,19853408,0.015367,19.56436677,"buy"
1466288233,19853412,0.015212,1,"sell"
1466288243,19853416,0.015223,5,"sell"
1466288248,19853422,0.015228,5,"sell"
1466288259,19853426,0.015238,0.87996,"sell"
1466288262,19853428,0.015239,0.5,"sell"
1466288262,19853430,0.015239,0.5,"sell"
1466288326,19853446,0.015271,1,"sell"
1466288364,19853452,0.01534,2.565361,"sell"
1466288386,19853464,0.01534,25,"sell"
1466288387,19853466,0.01534,25,"sell"
1466288411,19853474,0.01534,1,"sell"
1466288418,19853476,0.01534,25,"sell"
1466288438,19853480,0.015263,1,"sell"
1466288504,19853502,0.015335,64.9987,"buy"
1466288504,19853504,0.015334,30.5213,"buy"
1466288512,19853518,0.01533,21.48999574,"buy"
1466288513,19853530,0.015268,1,"sell"
1466288516,19853536,0.01533,14.54774385,"buy"
1466288527,19853544,0.01533,49.47034464,"buy"
1466288539,19853546,0.015278,12.43363755,"buy"
1466288558,19853556,0.015273,12.43363762,"buy"
1466288569,19853562,0.015257,12.433644,"sell"
1466288573,19853564,0.015325,65.07507501,"buy"
1466288576,19853566,0.01534,3.08632638,"buy"
1466288576,19853568,0.01534,1.55495199,"buy"
1466288620,19853574,0.01534,20.39599986,"buy"
1466288620,19853576,0.01534,27.88591377,"buy"
1466288651,19853582,0.015341,12.88591377,"buy"
1466288651,19853584,0.01534,12.11408623,"buy"
1466288668,19853588,0.015339,25,"buy"
1466288683,19853592,0.015339,3.6587,"buy"
1466288683,19853594,0.015341,21.3413,"buy"
1466288696,19853596,0.015341,65.07507501,"buy"
1466288734,19853614,0.015368,4.98,"buy"
1466288739,19853620,0.015369,100,"buy"
1466288745,19853624,0.015341,15,"sell"
1466288751,19853626,0.015376,25,"buy"
1466288751,19853628,0.015376,25,"buy"
1466288754,19853630,0.015371,25,"buy"
1466288795,19853642,0.015341,1,"sell"
1466288821,19853692,0.015431,30.79098956,"buy"
1466288837,19853696,0.015444,0.8043,"buy"
1466288837,19853698,0.015432,29.1957,"buy"
1466288892,19853716,0.015489,19.95,"buy"
1466288892,19853718,0.01549,0.05,"buy"
1466288918,19853722,0.015402,1,"sell"
1466288962,19853730,0.015489,2.98382445,"buy"
1466288972,19853738,0.015489,89.23750546,"buy"
1466289004,19853748,0.015489,4.9601583,"buy"
1466289004,19853750,0.015489,1137.20041519,"buy"
1466289011,19853764,0.015489,4.97966834,"buy"
1466289011,19853766,0.015499,1.63200225,"buy"
1466289011,19853768,0.01549,2.95,"buy"
1466289011,19853770,0.0155,5.43832941,"buy"
1466289015,19853782,0.015489,2.05940807,"buy"
1466289015,19853788,0.01549,4.94319834,"sell"
1466289016,19853790,0.01549,8.23849789,"sell"
1466289016,19853794,0.01549,0.20719819,"sell"
1466289016,19853800,0.01549,12.17864905,"sell"
1466289017,19853804,0.01549,1.58851944,"sell"
1466289017,19853806,0.015589,4.557998,"buy"
1466289017,19853808,0.015567,0.88033141,"buy"
1466289017,19853810,0.0155,10,"buy"
1466289017,19853812,0.0155,4.56167059,"buy"
1466289018,19853828,0.015498,4.557998,"buy"
1466289019,19853832,0.01549,11.11940829,"sell"
1466289019,19853834,0.01549,1.4503576,"sell"
1466289019,19853836,0.01549,0.18917708,"sell"
1466289020,19853858,0.01549,0.20719819,"sell"
1466289021,19853864,0.01549,1.4503576,"sell"
1466289021,19853866,0.01549,0.18917708,"sell"
1466289021,19853874,0.01549,11.11940829,"sell"
1466289021,19853876,0.01549,7.62065105,"sell"
1466289021,19853878,0.01549,0.95519662,"sell"
1466289022,19853884,0.01549,0.12459086,"sell"
1466289021,19853888,0.01549,7.32317399,"sell"
1466289024,19853900,0.01549,6.88873649,"sell"
1466289024,19853902,0.01549,0.89853085,"sell"
1466289024,19853904,0.01549,0.11719967,"sell"
1466289024,19853906,0.01549,0.21607093,"sell"
1466289024,19853908,0.01549,1.65654377,"sell"
1466289046,19853916,0.015589,119.11,"buy"
1466289046,19853918,0.015587,26.52,"buy"
1466289051,19853920,0.015589,6.337,"sell"
1466289087,19853930,0.015513,25,"sell"
1466289088,19853932,0.015651,144.292,"buy"
1466289088,19853934,0.015656,3.24216476,"buy"
1466289088,19853936,0.015664,13.50169556,"buy"
1466289088,19853938,0.0156,5,"buy"
1466289088,19853940,0.015657,59.6231,"buy"
1466289088,19853942,0.0157,80.34103968,"buy"
1466289088,19853944,0.015514,25,"sell"
1466289106,19853950,0.015646,0.00078421,"buy"
1466289112,19853954,0.015515,25,"sell"
1466289171,19853994,0.015531,0.18921335,"sell"
1466289308,19854032,0.015538,25,"sell"
1466289321,19854034,0.015696,19.3134,"buy"
1466289321,19854036,0.015579,141.449,"buy"
1466289321,19854038,0.015576,127.8964,"buy"
1466289321,19854040,0.015575,170.592,"buy"
1466289321,19854042,0.015575,1.177876,"buy"
1466289321,19854044,0.015662,4.992052,"buy"
1466289321,19854046,0.015684,14.4851,"buy"
1466289321,19854048,0.015676,7.6614,"buy"
1466289321,19854050,0.015615,170.405,"buy"
1466289321,19854052,0.01569,2.373152,"buy"
1466289321,19854054,0.015683,9.6567,"buy"
1466289321,19854056,0.0157,25.061242,"buy"
1466289321,19854058,0.0157,64.65896032,"buy"
1466289321,19854060,0.0157,1,"buy"
1466289321,19854062,0.015757,39.85033295,"buy"
1466289322,19854068,0.015537,21.8833,"sell"
1466289322,19854070,0.015538,18.1167,"sell"
1466289410,19854108,0.0156,20.5398,"sell"
1466289410,19854110,0.015478,50.2571,"sell"
1466289410,19854112,0.015478,33.5047,"sell"
1466289410,19854114,0.01541,193.8,"sell"
1466289410,19854116,0.015461,565.06635708,"sell"
1466289410,19854118,0.015461,5.65108172,"sell"
1466289410,19854120,0.01542,16,"sell"
1466289410,19854122,0.015411,83.7618,"sell"
1466289410,19854124,0.015462,170.947,"sell"
1466289410,19854126,0.015422,1.78795121,"sell"
1466289410,19854128,0.015412,18.34034671,"sell"
1466289410,19854130,0.01542,16,"sell"
1466289410,19854134,0.01541,96,"sell"
1466289410,19854136,0.015395,4.81142015,"sell"
1466289410,19854138,0.01541,0.3,"sell"
1466289410,19854140,0.01541,0.9,"sell"
1466289411,19854142,0.015376,5.23985496,"buy"
1466289410,19854144,0.015376,4.30651938,"sell"
1466289410,19854146,0.015376,77.9460521,"sell"
1466289423,19854172,0.015376,1,"buy"
1466289429,19854174,0.015376,114.01516909,"buy"
1466289497,19854210,0.01549,98.595,"buy"
1466289510,19854214,0.015494,26.416,"buy"
1466289512,19854216,0.01549,0.46045992,"buy"
1466289522,19854226,0.015421,0.9146545,"buy"
1466289524,19854230,0.015396,2.8417254,"sell"
1466289524,19854232,0.015395,10.4779786,"sell"
1466289587,19854262,0.01539,7.87702186,"buy"
1466289595,19854278,0.015369,14.89487,"sell"
1466289595,19854280,0.015369,23.91583,"sell"
1466289595,19854282,0.01538,1,"sell"
1466289597,19854284,0.015362,14.89487,"sell"
1466289599,19854286,0.015362,36.85283,"sell"
1466289599,19854288,0.015355,6.82117,"sell"
1466289605,19854296,0.015355,1.72,"sell"
1466289607,19854298,0.015355,5.21756125,"sell"
1466289607,19854300,0.015341,19.78243875,"sell"
1466289609,19854302,0.015341,25,"sell"
1466289645,19854312,0.015341,4.29263626,"sell"
1466289645,19854314,0.015341,3.20642929,"sell"
1466289645,19854322,0.015341,1.09832338,"sell"
1466289645,19854324,0.015325,23.90167662,"sell"
1466289648,19854326,0.015325,25,"sell"
1466289661,19854330,0.015325,9.98566019,"sell"
1466289661,19854334,0.015377,0.7275492,"buy"
1466289662,19854348,0.015377,4.0535691,"buy"
1466289662,19854354,0.015378,8.51475557,"buy"
1466289663,19854358,0.015326,1.34,"sell"
1466289663,19854360,0.015325,11.20570169,"sell"
1466289663,19854364,0.015325,17.47143931,"sell"
1466289663,19854368,0.015378,10.45536939,"buy"
1466289663,19854370,0.015325,2.19170297,"sell"
1466289684,19854382,0.01533,50,"buy"
1466289718,19854390,0.015325,8.21817776,"sell"
1466289733,19854396,0.015325,5,"sell"
1466289744,19854404,0.015325,60.08445466,"sell"
1466289768,19854444,0.015239,20.324393,"sell"
1466289768,19854446,0.01529,2,"sell"
1466289768,19854448,0.01529,2.675607,"sell"
1466289834,19854480,0.015204,32.13,"sell"
1466289834,19854482,0.015206,41.11,"sell"
1466289838,19854488,0.015271,5.01,"buy"
1466289851,19854496,0.015265,5.01,"buy"
1466289860,19854500,0.01526,50,"buy"
1466289862,19854502,0.01529,10.932,"buy"
1466289875,19854510,0.015275,5.01,"buy"
1466289898,19854514,0.015205,12.2371,"sell"
1466289903,19854516,0.0152,9.21696971,"buy"
1466289911,19854524,0.015163,1.571205,"buy"
1466289914,19854534,0.0152,0.48089427,"buy"
1466289917,19854536,0.0152,160.511,"buy"
1466289919,19854538,0.0152,5.01,"buy"
1466289943,19854566,0.015165,2.9,"sell"
1466289944,19854568,0.015165,10.984126,"buy"
1466289946,19854576,0.015255,10.984126,"buy"
1466289959,19854584,0.015249,129.7382,"buy"
1466289959,19854586,0.015248,2.9,"buy"
1466290026,19854640,0.015254,0.98907729,"buy"
1466290068,19854674,0.015254,34.60025798,"buy"
1466290085,19854682,0.015254,0.14765045,"buy"
1466290124,19854792,0.015254,25,"buy"
1466290124,19854794,0.015254,25,"buy"
1466290125,19854796,0.015264,24.78656388,"buy"
1466290125,19854798,0.015254,0.21343612,"buy"
1466290126,19854806,0.015264,25,"buy"
1466290128,19854824,0.015264,25,"buy"
1466290170,19854880,0.015264,1.54221499,"sell"
1466290170,19854882,0.015264,2.64943477,"sell"
1466290170,19854888,0.015264,49.69588744,"sell"
1466290171,19854908,0.015264,10.86110884,"buy"
1466290192,19855000,0.015281,34.64270048,"buy"
1466290192,19855004,0.015264,4.19164976,"buy"
1466290192,19855006,0.015261,4.19164976,"buy"
1466290216,19855072,0.015167,1.571205,"sell"
1466290216,19855074,0.015167,1.571205,"sell"
1466290216,19855076,0.015167,1.65612092,"sell"
1466290216,19855078,0.01525,927.647,"sell"
1466290216,19855080,0.015167,1.571205,"sell"
1466290216,19855082,0.015163,0.72951484,"sell"
1466290216,19855084,0.015167,1.571205,"sell"
1466290216,19855086,0.015148,2.68022512,"sell"
1466290216,19855088,0.01513,2.83896,"sell"
1466290216,19855090,0.015167,1.571205,"sell"
1466290216,19855092,0.015181,151.223,"sell"
1466290216,19855094,0.01518,4,"sell"
1466290216,19855096,0.01513,0.32880192,"sell"
1466290216,19855098,0.01513,0.35648474,"sell"
1466290216,19855100,0.015107,8.008,"sell"
1466290216,19855102,0.015108,650,"sell"
1466290216,19855104,0.0151,100,"sell"
1466290216,19855106,0.015089,77.545,"sell"
1466290216,19855108,0.01512,0.67749583,"sell"
1466290216,19855110,0.01513,0.24078002,"sell"
1466290216,19855112,0.0151,100,"sell"
1466290216,19855114,0.015083,0.25862329,"sell"
1466290239,19855142,0.01525,22.54041864,"buy"
1466290239,19855144,0.01525,2.45958136,"buy"
1466290242,19855148,0.01525,25,"buy"
1466290244,19855150,0.01525,25,"buy"
1466290245,19855152,0.01525,27.45958136,"buy"
1466290245,19855154,0.01525,53.15920164,"buy"
1466290245,19855156,0.01525,51.837838,"buy"
1466290245,19855158,0.01525,1,"buy"
1466290246,19855160,0.01525,14.384177,"buy"
1466290246,19855162,0.01525,4.192078,"buy"
1466290246,19855164,0.01525,50,"buy"
1466290247,19855166,0.01525,0.13114754,"buy"
1466290248,19855168,0.01525,3.33,"buy"
1466290248,19855170,0.015279,3.03444218,"buy"
1466290248,19855172,0.01525,21.96555782,"buy"
1466290256,19855174,0.015279,1.15763594,"buy"
1466290256,19855176,0.01528,23.84236406,"buy"
1466290261,19855178,0.01528,25,"buy"
1466290262,19855180,0.01528,1.15763594,"buy"
1466290271,19855196,0.0153,21.43025756,"buy"
1466290271,19855198,0.015297,3.56974244,"buy"
1466290274,19855204,0.015296,3.57064191,"buy"
1466290274,19855206,0.0153,21.42935809,"buy"
1466290278,19855214,0.0153,25,"buy"
1466290296,19855220,0.0153,63.460935,"buy"
1466290298,19855222,0.0153,18.88757594,"buy"
1466290298,19855224,0.0153,44.643065,"buy"
1466290300,19855226,0.0153,5.148808,"buy"
1466290354,19855254,0.015303,7.247938,"buy"
1466290356,19855256,0.01528,7.247,"buy"
1466290407,19855290,0.015371,31.8427,"buy"
1466290435,19855298,0.015371,13.64062076,"sell"
1466290479,19855310,0.01538,72.07249595,"buy"
1466290479,19855312,0.015378,6.69748005,"buy"
1466290561,19855330,0.01538,2.25326285,"sell"
1466290563,19855334,0.01538,127.54708124,"sell"
1466290563,19855336,0.01538,50.06006001,"sell"
1466290593,19855372,0.015354,6.8015595,"buy"
1466290593,19855374,0.015353,1.42529034,"buy"
1466290593,19855376,0.015353,2.28615016,"buy"
1466290633,19855396,0.015324,29.19295525,"buy"
1466290669,19855404,0.0153,20,"buy"
1466290671,19855420,0.0153,2.25543398,"buy"
1466290672,19855424,0.0153,339.48026143,"buy"
1466290672,19855428,0.0153,2.25543398,"buy"
1466290673,19855436,0.0153,2.10037777,"buy"
1466290673,19855444,0.0153,0.27396274,"buy"
1466290673,19855448,0.0153,133.6345301,"buy"
1466290674,19855458,0.015324,2.10037777,"buy"
1466290675,19855462,0.015324,0.31306121,"buy"
1466290675,19855464,0.015324,0.15325567,"buy"
1466290675,19855466,0.015324,1.17496019,"buy"
1466290676,19855472,0.015324,1.2496202,"buy"
1466290676,19855476,0.015324,0.16299399,"buy"
1466290676,19855480,0.015324,0.7124132,"buy"
1466290683,19855492,0.015301,1.42084379,"sell"
1466290683,19855494,0.0153,133.6345301,"sell"
1466290683,19855496,0.015243,1.81000984,"sell"
1466290683,19855498,0.0153,4.62977449,"sell"
1466290683,19855500,0.015242,69.0322,"sell"
1466290683,19855502,0.01524,0.24318876,"sell"
1466290683,19855504,0.01524,0.65578103,"sell"
1466290683,19855506,0.01524,0.13773408,"sell"
1466290683,19855508,0.01524,0.24405902,"sell"
1466290683,19855510,0.01524,0.20777064,"sell"
1466290683,19855512,0.01524,0.38853466,"sell"
1466290683,19855514,0.01524,0.83074635,"sell"
1466290683,19855516,0.01524,0.11782111,"sell"
1466290683,19855518,0.01524,0.74069684,"sell"
1466290683,19855520,0.01524,0.20537985,"sell"
1466290683,19855522,0.01524,0.61000663,"sell"
1466290683,19855524,0.01524,0.20773674,"sell"
1466290683,19855526,0.01524,0.59925556,"sell"
1466290683,19855528,0.01524,0.40456774,"sell"
1466290683,19855530,0.01524,0.73909223,"sell"
1466290683,19855532,0.01524,0.22015143,"sell"
1466290683,19855534,0.01524,0.87407779,"sell"
1466290683,19855536,0.01524,0.87103557,"sell"
1466290683,19855538,0.01524,0.53638404,"sell"
1466290683,19855540,0.01524,0.39005723,"sell"
1466290683,19855542,0.01524,0.1609001,"sell"
1466290683,19855544,0.01524,0.64675754,"sell"
1466290683,19855546,0.01524,0.21145014,"sell"
1466290683,19855548,0.01524,0.76343476,"sell"
1466290683,19855550,0.01524,0.15059329,"sell"
1466290683,19855552,0.01524,0.22186207,"sell"
1466290683,19855554,0.01523,0.77066719,"sell"
1466290683,19855556,0.01523,0.64297109,"sell"
1466290683,19855558,0.01523,0.72463989,"sell"
1466290683,19855560,0.01523,0.27220487,"sell"
1466290683,19855562,0.01523,0.62657701,"sell"
1466290683,19855564,0.01523,0.24522525,"sell"
1466290683,19855566,0.01523,0.68471693,"sell"
1466290683,19855568,0.01523,0.77734768,"sell"
1466290683,19855570,0.01523,0.21026892,"sell"
1466290683,19855572,0.01523,0.46377918,"sell"
1466290683,19855574,0.01523,0.91299736,"sell"
1466290683,19855576,0.01523,0.13675713,"sell"
1466290683,19855578,0.01523,0.82774674,"sell"
1466290683,19855580,0.01523,0.51404541,"sell"
1466290683,19855582,0.01523,0.34280213,"sell"
1466290683,19855584,0.01523,0.51824414,"sell"
1466290683,19855586,0.01523,0.33585518,"sell"
1466290683,19855588,0.01523,0.43038073,"sell"
1466290683,19855590,0.01523,0.79249364,"sell"
1466290683,19855594,0.0152,47.23414287,"sell"
1466290720,19855602,0.015241,0.7,"sell"
1466290720,19855604,0.01524,0.40016791,"sell"
1466290720,19855606,0.015241,1.21286573,"sell"
1466290720,19855608,0.01524,0.13041244,"sell"
1466290720,19855610,0.01524,0.85343509,"sell"
1466290720,19855612,0.015231,94.20931637,"sell"
1466290720,19855614,0.01524,0.55894219,"sell"
1466290720,19855616,0.01524,0.67590045,"sell"
1466290720,19855618,0.01524,0.54101794,"sell"
1466290720,19855620,0.01524,0.71794188,"sell"
1466290727,19855630,0.015294,0.7,"buy"
1466290727,19855632,0.015295,9.7,"buy"
1466290748,19855646,0.015295,23.94278591,"buy"
1466290750,19855648,0.015295,95.28541409,"buy"
1466290750,19855650,0.0153,4.71458591,"buy"
1466290782,19855660,0.015286,1.775417,"buy"
1466290782,19855662,0.015295,7.884583,"buy"
1466290782,19855664,0.0153,355.60026571,"buy"
1466290782,19855666,0.015295,121.557917,"buy"
1466290804,19855694,0.0153,2.13412434,"sell"
1466290839,19855712,0.015321,1,"buy"
1466290848,19855714,0.0153,100,"sell"
1466290892,19855728,0.0153,100,"sell"
1466290907,19855732,0.015301,2.91543425,"buy"
1466290907,19855734,0.015301,1.775417,"buy"
1466290915,19855736,0.0153,5.229812,"sell"
1466290930,19855752,0.0153,15.47788095,"sell"
1466290930,19855754,0.0153,100,"sell"
1466290945,19855762,0.015247,5.01,"buy"
1466290959,19855768,0.015247,5.01,"buy"
1466290971,19855772,0.015247,5.01,"buy"
1466290983,19855776,0.015245,5.01,"buy"
1466290987,19855780,0.01524,0.39496323,"sell"
1466290995,19855784,0.015234,5.01,"buy"
1466290999,19855786,0.015234,1.40822,"buy"
1466291002,19855788,0.015203,2.531793,"sell"
1466291006,19855794,0.015233,1.66,"buy"
1466291006,19855796,0.015234,3.35,"buy"
1466291007,19855798,0.015203,41.547107,"sell"
1466291007,19855800,0.0152,152.76585713,"sell"
1466291018,19855806,0.015192,5.01,"buy"
1466291024,19855808,0.01518,0.85080367,"sell"
1466291024,19855810,0.01519,0.85215473,"sell"
1466291024,19855812,0.01515,5.22884293,"sell"
1466291024,19855814,0.015151,63.79,"sell"
1466291024,19855816,0.01517,0.95242953,"sell"
1466291027,19855818,0.015191,3.223932,"buy"
1466291027,19855820,0.015199,1.79,"buy"
1466291027,19855822,0.0152,27.76632098,"buy"
1466291027,19855824,0.0152,4.31800851,"buy"
1466291029,19855826,0.01519,5.01,"buy"
1466291029,19855828,0.01515,25,"sell"
1466291030,19855830,0.01515,25,"sell"
1466291030,19855832,0.01515,25,"sell"
1466291038,19855834,0.01515,19.77115707,"sell"
1466291042,19855842,0.015177,2.217706,"buy"
1466291042,19855844,0.015185,2.792294,"buy"
1466291046,19855846,0.01514,0.80810976,"sell"
1466291046,19855848,0.01514,0.39816913,"sell"
1466291046,19855850,0.01514,0.82623642,"sell"
1466291046,19855852,0.01514,0.25080409,"sell"
1466291046,19855856,0.01514,0.62376827,"sell"
1466291050,19855858,0.01513,0.31826052,"sell"
1466291050,19855860,0.01512,0.25559589,"sell"
1466291050,19855862,0.01514,0.91971021,"sell"
1466291050,19855864,0.01513,0.7917183,"sell"
1466291050,19855866,0.0151,170.53260711,"sell"
1466291050,19855868,0.01513,0.78481435,"sell"
1466291053,19855870,0.0151,10,"sell"
1466291102,19855880,0.015103,3.68,"sell"
1466291102,19855882,0.015102,32.1883,"sell"
1466291102,19855884,0.015101,74.1317,"sell"
1466291122,19855888,0.015154,1.905327,"buy"
1466291125,19855890,0.01511,50,"sell"
1466291154,19855892,0.01515,2.58957258,"sell"
1466291154,19855894,0.015151,2.23,"sell"
1466291154,19855896,0.015152,4.90042742,"sell"
1466291154,19855898,0.015153,5.28,"sell"
1466291154,19855900,0.015154,5.642593,"buy"
1466291154,19855902,0.015176,79.84598259,"buy"
1466291173,19855930,0.01515,2.14957748,"sell"
1466291187,19855938,0.01515,1.60416002,"sell"
1466291194,19855952,0.01515,50,"sell"
1466291194,19855958,0.01515,69.12608345,"sell"
1466291217,19855986,0.01515,2,"sell"
1466291231,19855998,0.01515,53.33552783,"sell"
1466291234,19856000,0.015177,4.13213213,"buy"
1466291263,19856002,0.015178,160.108,"buy"
1466291263,19856004,0.015173,130.5137,"buy"
1466291263,19856006,0.015177,26.77741787,"buy"
1466291264,19856008,0.01518,33.713715,"sell"
1466291265,19856010,0.01518,222.5628205,"sell"
1466291267,19856020,0.01518,25,"sell"
1466291267,19856022,0.01518,25,"sell"
1466291272,19856024,0.01518,6.53,"sell"
1466291278,19856026,0.01518,10.08209,"sell"
1466291279,19856028,0.015181,1.53988843,"buy"
1466291288,19856030,0.01518,8.535404,"sell"
1466291295,19856032,0.01518,152.644,"sell"
1466291296,19856034,0.01518,58.9252,"sell"
1466291306,19856040,0.01518,25,"sell"
1466291310,19856048,0.015181,100,"buy"
1466291311,19856052,0.01518,13.029,"sell"
1466291313,19856056,0.01518,1.53574689,"sell"
1466291330,19856068,0.01518,77.72918,"sell"
1466291334,19856070,0.01518,0.13236267,"sell"
1466291348,19856082,0.01519,25.9,"buy"
1466291348,19856084,0.01519,14.1,"buy"
1466291368,19856088,0.01515,47.23843088,"sell"
1466291368,19856090,0.015178,49.58020605,"sell"
1466291368,19856092,0.01518,22.18136307,"sell"
1466291378,19856096,0.01515,5,"sell"
1466291383,19856102,0.01515,5,"sell"
1466291389,19856104,0.01515,5,"sell"
1466291391,19856106,0.01515,5,"sell"
1466291425,19856126,0.015189,7.065566,"buy"
1466291425,19856128,0.015199,4.77397014,"buy"
1466291450,19856134,0.015199,52.53302986,"buy"
1466291450,19856136,0.01519,12.1,"buy"
1466291450,19856138,0.015197,7.065566,"buy"
1466291450,19856140,0.0152,1.97226571,"buy"
1466291537,19856160,0.015199,19.71344327,"buy"
1466291540,19856162,0.01518,10,"sell"
1466291606,19856176,0.0152,3.29405879,"buy"
1466291643,19856188,0.01518,2,"sell"
1466291685,19856202,0.01518,2,"sell"
1466291702,19856224,0.01518,1,"sell"
1466291743,19856244,0.0152,94.7336755,"buy"
1466291743,19856246,0.0152,10,"buy"
1466291756,19856256,0.0152,70.0824992,"sell"
1466291768,19856276,0.0152,75.183825,"sell"
1466291776,19856280,0.01518,6.7391,"sell"
1466291804,19856286,0.015201,4.873178,"sell"
1466291825,19856298,0.015246,43.82,"buy"
1466291825,19856300,0.015246,49.325,"buy"
1466291825,19856302,0.015247,77.7418,"buy"
1466291825,19856304,0.015249,79.1132,"buy"
1466291828,19856306,0.01525,79.1132,"buy"
1466291828,19856308,0.015249,20.8868,"buy"
1466291868,19856324,0.015201,4.09966568,"sell"
1466291869,19856332,0.01525,245.36753754,"buy"
1466291869,19856334,0.015246,4.63246246,"buy"
1466291877,19856348,0.0152,1.00275065,"sell"
1466291908,19856356,0.0152,1.04868688,"sell"
1466291914,19856360,0.0152,30,"sell"
1466291934,19856366,0.01523,5.01501501,"buy"
1466291935,19856370,0.01523,0.99216401,"sell"
1466291935,19856372,0.015229,0.99216401,"buy"
1466291945,19856376,0.015224,0.99216401,"sell"
1466291945,19856378,0.01522,0.40783599,"sell"
1466292014,19856398,0.01522,0.40531401,"sell"
1466292014,19856400,0.01522,0.57728,"sell"
1466292014,19856402,0.0152,142.77640599,"sell"
1466292017,19856404,0.0152,57.483122,"sell"
1466292027,19856410,0.015216,0.27010808,"buy"
1466292027,19856412,0.015216,0.27010808,"buy"
1466292028,19856414,0.015216,0.27010808,"buy"
1466292028,19856416,0.015215,0.27010808,"buy"
1466292029,19856418,0.015214,0.27010808,"buy"
1466292029,19856424,0.015214,0.27010808,"buy"
1466292030,19856426,0.015214,0.27010808,"buy"
1466292034,19856428,0.015201,1.013322,"buy"
1466292037,19856436,0.015201,0.24895009,"buy"
1466292037,19856440,0.015201,1.013322,"buy"
1466292039,19856444,0.015201,0.24895009,"buy"
1466292056,19856458,0.0152,17.68903448,"sell"
1466292056,19856460,0.0152,49.99999952,"sell"
1466292060,19856466,0.015117,3.554937,"sell"
1466292063,19856476,0.015117,8.55163379,"sell"
1466292079,19856484,0.015117,5.762253,"sell"
1466292162,19856496,0.01512,0.73896474,"buy"
1466292165,19856520,0.01512,0.73896474,"sell"
1466292165,19856526,0.015119,4.07887065,"sell"
1466292165,19856528,0.015118,36.7907,"sell"
1466292165,19856530,0.015112,55.186,"sell"
1466292165,19856532,0.015119,73.66112935,"sell"
1466292165,19856536,0.01511,77.93167,"sell"
1466292167,19856544,0.015112,3.95283164,"buy"
1466292167,19856548,0.01511,30.09128538,"sell"
1466292172,19856552,0.01511,10.04268864,"sell"
1466292185,19856554,0.015118,4.07851044,"buy"
1466292185,19856556,0.015118,51.23281896,"buy"
1466292185,19856558,0.015119,36.79036086,"buy"
1466292200,19856590,0.015179,13.30273993,"buy"
1466292200,19856592,0.015179,0.73860018,"buy"
1466292202,19856596,0.015178,0.65324804,"buy"
1466292202,19856598,0.01518,0.65324804,"sell"
1466292209,19856600,0.015147,3.69431,"buy"
1466292209,19856602,0.01522,16,"buy"
1466292209,19856604,0.01522,0.98259401,"buy"
1466292209,19856606,0.01522,16,"buy"
1466292209,19856608,0.015228,63.32309599,"buy"
1466292219,19856616,0.01511,81.93435598,"sell"
1466292219,19856618,0.0151,2,"sell"
1466292219,19856620,0.0151,6.16733428,"sell"
1466292219,19856622,0.0151,2,"sell"
1466292230,19856630,0.015134,0.27786477,"buy"
1466292264,19856650,0.015176,1.95664806,"buy"
1466292265,19856652,0.0151,23.83266572,"sell"
1466292265,19856654,0.0151,1.16733428,"sell"
1466292266,19856656,0.0151,25,"sell"
1466292268,19856658,0.015011,3.75207715,"sell"
1466292268,19856660,0.015082,3,"sell"
1466292268,19856662,0.01508,0.90208734,"sell"
1466292268,19856664,0.015054,13.51316979,"sell"
1466292268,19856666,0.0151,3.83266572,"sell"
1466292278,19856672,0.015012,146.602,"sell"
1466292278,19856674,0.015011,32.92262285,"sell"
1466292278,19856676,0.01501,16,"sell"
1466292278,19856678,0.015003,38.47537715,"sell"
1466292278,19856680,0.01501,100,"sell"
1466292278,19856682,0.01501,16,"sell"
1466292280,19856684,0.01509,10,"buy"
1466292295,19856692,0.01508,1.26227209,"buy"
1466292311,19856698,0.015006,3.69431,"sell"
1466292337,19856708,0.015006,5,"sell"
1466292361,19856712,0.015072,4.13,"buy"
1466292361,19856714,0.015073,20.87,"buy"
1466292362,19856716,0.015073,25,"buy"
1466292362,19856720,0.015073,7.64118454,"buy"
1466292362,19856722,0.015068,7.51836417,"buy"
1466292363,19856726,0.015005,8.75042152,"sell"
1466292363,19856728,0.015068,4.73378484,"buy"
1466292364,19856732,0.015067,7.64118454,"buy"
1466292366,19856742,0.015062,25,"buy"
1466292369,19856744,0.015058,0.26026026,"buy"
1466292386,19856746,0.015005,1.02304765,"sell"
1466292386,19856748,0.015007,8.0889,"sell"
1466292390,19856750,0.01503,25,"buy"
1466292411,19856756,0.015005,2.35983083,"sell"
1466292444,19856758,0.015,67,"sell"
1466292444,19856760,0.015,50,"sell"
1466292444,19856762,0.015,35,"sell"
1466292444,19856764,0.015,50,"sell"
1466292455,19856768,0.014995,25,"buy"
1466292489,19856772,0.01498,3.01262,"sell"
1466292503,19856774,0.014944,13.87107825,"sell"
1466292503,19856776,0.014931,4.67857365,"sell"
1466292503,19856778,0.014933,4.21908701,"sell"
1466292503,19856780,0.01487,2.394052,"sell"
1466292503,19856782,0.01495,48.01262048,"sell"
1466292503,19856784,0.014944,5.38304701,"sell"
1466292503,19856786,0.014932,129.79,"sell"
1466292503,19856788,0.0149,9,"sell"
1466292503,19856790,0.01486,10.52,"sell"
1466292503,19856792,0.014823,5.34861811,"sell"
1466292503,19856794,0.01495,1.98738,"buy"
1466292503,19856796,0.01482,3.197264,"sell"
1466292503,19856798,0.014901,1.24160258,"sell"
1466292503,19856800,0.01482,0.20421853,"sell"
1466292503,19856802,0.014775,178.00210448,"sell"
1466292503,19856804,0.014819,4.08699032,"sell"
1466292503,19856806,0.0148,1,"sell"
1466292503,19856814,0.01477,79.05074358,"sell"
1466292526,19856828,0.014953,131.8869,"buy"
1466292526,19856830,0.014979,20.06286364,"buy"
1466292526,19856832,0.01498,550.05023636,"buy"
1466292528,19856838,0.014979,0.11613594,"buy"
1466292528,19856840,0.01498,0.88386406,"buy"
1466292540,19856844,0.01498,1,"buy"
1466292542,19856846,0.014975,25,"sell"
1466292545,19856848,0.014975,25,"sell"
1466292564,19856864,0.014975,25.08508501,"sell"
1466292567,19856866,0.014842,20,"sell"
1466292568,19856868,0.014967,1.499e-05,"buy"
1466292568,19856870,0.014979,0.99998501,"buy"
1466292647,19856894,0.014833,14,"sell"
1466292663,19856902,0.014845,2.5,"sell"
1466292666,19856904,0.014847,2.5,"sell"
1466292667,19856906,0.014848,1.24678273,"sell"
1466292667,19856908,0.014848,1.24659923,"sell"
1466292670,19856924,0.014895,0.40665753,"buy"
1466292674,19856928,0.01485,9.99999384,"buy"
1466292675,19856938,0.0149,0.40897743,"buy"
1466292681,19856940,0.0149,7,"buy"
1466292690,19856944,0.014857,8.00958499,"sell"
1466292690,19856946,0.014821,5.30460172,"sell"
1466292690,19856948,0.014822,155.31,"sell"
1466292690,19856950,0.01481,999.62773654,"sell"
1466292690,19856952,0.014821,1.2492623,"sell"
1466292690,19856954,0.01482,100,"sell"
1466292691,19856960,0.0149,1,"buy"
1466292692,19856968,0.0149,1,"buy"
1466292697,19856980,0.01483,1.99999418,"buy"
1466292699,19856992,0.014909,0.40897743,"buy"
1466292699,19856994,0.0149,0.59102257,"buy"
1466292700,19856996,0.014909,25,"buy"
1466292704,19857002,0.014909,25,"buy"
1466292706,19857006,0.014909,25,"buy"
1466292732,19857026,0.014897,25,"buy"
1466292777,19857072,0.014898,2,"sell"
1466292777,19857076,0.014898,2,"sell"
1466292777,19857078,0.014897,2,"sell"
1466292777,19857086,0.014897,4.75,"sell"
1466292778,19857088,0.014897,2.17956215,"sell"
1466292779,19857090,0.014897,34.64878826,"sell"
1466292779,19857092,0.014839,2,"sell"
1466292779,19857094,0.014839,2,"sell"
1466292779,19857096,0.014839,2,"sell"
1466292779,19857102,0.014836,2,"sell"
1466292779,19857106,0.014766,0.55729869,"sell"
1466292779,19857108,0.01481,0.37226346,"sell"
1466292779,19857110,0.014898,2,"sell"
1466292779,19857114,0.014898,2,"sell"
1466292789,19857120,0.014771,43.57835041,"sell"
1466292789,19857122,0.014893,0.29066998,"buy"
1466292791,19857124,0.014893,30,"buy"
1466292801,19857140,0.014878,1.31416722,"buy"
1466292827,19857156,0.014847,31.88416,"buy"
1466292827,19857158,0.014848,4.68583278,"buy"
1466292827,19857160,0.014849,53.05807457,"buy"
1466292827,19857162,0.014848,5.62193265,"buy"
1466292827,19857164,0.014848,4.75,"buy"
1466292852,19857186,0.014798,0.26478122,"buy"
1466292866,19857192,0.01477,6.8439,"sell"
1466292866,19857194,0.014762,4.5002,"sell"
1466292866,19857196,0.014759,3.422139,"sell"
1466292866,19857198,0.01476,10.233761,"sell"
1466292868,19857200,0.014771,2,"buy"
1466292872,19857204,0.014771,2.2344783,"buy"
1466292875,19857208,0.014771,2,"buy"
1466292882,19857210,0.014771,25,"buy"
1466292892,19857212,0.01477,33.688222,"buy"
1466292895,19857216,0.014771,5.209741,"buy"
1466292895,19857218,0.014771,53.669109,"buy"
1466292895,19857220,0.014771,3.350001,"buy"
1466292895,19857222,0.014771,6.5366707,"buy"
1466292895,19857224,0.014789,2.83,"buy"
1466292896,19857226,0.014789,1.156701,"buy"
1466292896,19857228,0.014789,1.533299,"buy"
1466292897,19857232,0.014789,57.01911,"buy"
1466292905,19857234,0.014797,4.75,"buy"
1466292905,19857236,0.0148,20.25,"buy"
1466292925,19857242,0.01479,75.08508501,"sell"
1466292930,19857244,0.01476,25,"buy"
1466292942,19857248,0.014759,2.5,"sell"
1466292944,19857250,0.014759,2.5,"sell"
1466292945,19857252,0.014759,2.5,"sell"
1466292946,19857254,0.01476,25,"buy"
1466292948,19857256,0.014743,0.08149714,"sell"
1466292948,19857258,0.014759,2.41850286,"sell"
1466292950,19857260,0.014704,2.16348587,"sell"
1466292950,19857262,0.014743,0.33651413,"sell"
1466292962,19857378,0.01476,1,"buy"
1466292973,19857388,0.01476,2,"buy"
1466292979,19857392,0.01476,75.08508501,"buy"
1466293007,19857396,0.01474,35,"sell"
1466293012,19857398,0.01474,25,"sell"
1466293013,19857400,0.01474,25,"sell"
1466293014,19857402,0.01474,25,"sell"
1466293016,19857404,0.01474,2.5,"sell"
1466293031,19857414,0.01476,135.5013,"buy"
1466293038,19857416,0.01476,10,"buy"
1466293045,19857418,0.01474,86.762128,"sell"
1466293048,19857422,0.01474,10.00234516,"sell"
1466293060,19857426,0.01474,2.2115544,"sell"
1466293064,19857432,0.01474,150,"sell"
1466293066,19857456,0.01474,59.47322886,"sell"
1466293092,19857478,0.01468,33.32469,"sell"
1466293092,19857480,0.014675,3.5,"sell"
1466293092,19857482,0.01468,150.69,"sell"
1466293092,19857484,0.014678,151.223,"sell"
1466293092,19857486,0.014679,1.26250213,"sell"
1466293092,19857488,0.01465,1000,"sell"
1466293092,19857490,0.014652,42.6081,"sell"
1466293092,19857492,0.01466,3.393618,"sell"
1466293092,19857494,0.01465,12.83700018,"buy"
1466293093,19857498,0.01465,155.32095557,"buy"
1466293105,19857522,0.014686,151.578,"sell"
1466293105,19857524,0.014687,10.64419146,"sell"
1466293105,19857526,0.014689,31.121125,"sell"
1466293105,19857528,0.014688,158.153,"sell"
1466293105,19857530,0.014532,117.68759,"sell"
1466293105,19857532,0.014558,20.60722627,"sell"
1466293105,19857534,0.014527,1741.16,"sell"
1466293105,19857536,0.014688,1.26273103,"sell"
1466293105,19857538,0.01453,100,"sell"
1466293105,19857540,0.014642,1.10630437,"sell"
1466293105,19857542,0.014641,6.60011247,"sell"
1466293105,19857544,0.014557,96.227332,"sell"
1466293105,19857546,0.01462,2.378996,"sell"
1466293105,19857548,0.014526,0.20673019,"sell"
1466293105,19857550,0.014506,37.901649,"sell"
1466293105,19857552,0.01451,91,"sell"
1466293105,19857558,0.0145,432.16501221,"sell"
1466293105,19857560,0.01451,0.2,"sell"
1466293121,19857576,0.014764,133.8511,"buy"
1466293121,19857578,0.014759,3.5,"buy"
1466293121,19857580,0.014799,4.75,"buy"
1466293121,19857582,0.0148,79.75,"buy"
1466293121,19857584,0.01476,158.48960616,"buy"
1466293124,19857586,0.0148,500,"sell"
1466293126,19857588,0.014823,24.28060154,"buy"
1466293126,19857590,0.014824,0.71939846,"buy"
1466293127,19857594,0.014822,25,"buy"
1466293127,19857596,0.0148,650,"sell"
1466293129,19857598,0.0148,500,"sell"
1466293129,19857600,0.01482,0.31416722,"buy"
1466293129,19857602,0.014819,4.68583278,"buy"
1466293135,19857604,0.0148,37.901649,"sell"
1466293144,19857606,0.0148,90.74298918,"sell"
1466293151,19857614,0.0148,500,"sell"
1466293164,19857618,0.0148,7.60100826,"sell"
1466293164,19857620,0.0148,134.3,"sell"
1466293168,19857622,0.0148,10.32995198,"sell"
1466293168,19857624,0.0148,188.78369542,"sell"
1466293168,19857626,0.014717,6.161,"sell"
1466293214,19857640,0.01471,94.74440918,"sell"
1466293244,19857650,0.014779,25,"buy"
1466293245,19857652,0.014779,25,"buy"
1466293246,19857654,0.014779,25,"buy"
1466293247,19857656,0.014779,3.00220535,"buy"
1466293263,19857662,0.01479,19.65726536,"buy"
1466293265,19857680,0.01479,25,"buy"
1466293276,19857702,0.01479,10,"buy"
1466293277,19857734,0.014711,17.55357145,"sell"
1466293278,19857746,0.014711,2.21123888,"sell"
1466293279,19857758,0.014711,5.38788293,"sell"
1466293281,19857766,0.014711,38.31730674,"sell"
1466293281,19857768,0.014711,10,"sell"
1466293282,19857772,0.014711,9.999606,"buy"
1466293284,19857778,0.014701,25,"sell"
1466293284,19857780,0.014699,17.8503,"sell"
1466293284,19857782,0.014701,7.1497,"sell"
1466293285,19857784,0.014699,7.1735,"sell"
1466293285,19857786,0.014639,17.8265,"sell"
1466293286,19857788,0.014639,25,"sell"
1466293290,19857790,0.014782,0.85008083,"buy"
1466293290,19857792,0.01479,15.6,"buy"
1466293290,19857794,0.014786,7.45778684,"buy"
1466293290,19857798,0.01479,12.12720752,"sell"
1466293291,19857800,0.01479,44.05501482,"sell"
1466293297,19857834,0.014644,1.30478985,"sell"
1466293306,19857840,0.014644,2.82156069,"sell"
1466293340,19857866,0.01463,30,"buy"
1466293347,19857868,0.014631,11.72954875,"sell"
1466293347,19857870,0.014637,0.27045125,"sell"
1466293376,19857886,0.014714,5.02855055,"buy"
1466293441,19857910,0.014631,151.9572105,"sell"
1466293441,19857912,0.01465,38.78369542,"sell"
1466293446,19857918,0.01463,29.99999,"sell"
1466293446,19857920,0.01463,0.1,"sell"
1466293446,19857922,0.01463,3.02091592,"sell"
1466293447,19857924,0.0147,13.69188396,"buy"
1466293458,19857932,0.014608,1.2,"sell"
1466293479,19857942,0.014695,88.35477183,"buy"
1466293483,19857946,0.014577,0.19378756,"sell"
1466293492,19857954,0.01463,1.51151151,"buy"
1466293500,19857956,0.014606,2.5,"sell"
1466293501,19857958,0.014606,2.5,"sell"
1466293502,19857960,0.014606,25,"sell"
1466293506,19857966,0.014606,48.96,"sell"
1466293506,19857968,0.014604,9.8229101,"sell"
1466293509,19857972,0.014604,8.91900506,"sell"
1466293512,19857974,0.01469,2,"buy"
1466293609,19858110,0.01461,9.98,"sell"
1466293609,19858112,0.014608,10.03,"sell"
1466293609,19858114,0.014605,9.99,"sell"
1466293618,19858118,0.014605,17.5057,"sell"
1466293618,19858120,0.0146,22.4943,"sell"
1466293625,19858124,0.0146,25,"sell"
1466293626,19858126,0.014677,2,"buy"
1466293635,19858128,0.0146,2.5,"sell"
1466293637,19858130,0.014572,2.4943,"sell"
1466293637,19858132,0.0146,0.0057,"sell"
1466293638,19858134,0.014572,32.722,"sell"
1466293638,19858136,0.014531,2.5,"sell"
1466293642,19858140,0.014641,35.7336,"buy"
1466293653,19858160,0.01454,89.815,"buy"
1466293654,19858162,0.01454,23.9672,"buy"
1466293656,19858164,0.014541,20,"sell"
1466293659,19858166,0.014541,2.5,"sell"
1466293696,19858186,0.014628,13.68,"buy"
1466293696,19858188,0.014627,21.32,"buy"
1466293751,19858212,0.014623,35.222,"buy"
1466293752,19858214,0.014623,35.222,"buy"
1466293753,19858216,0.014623,35.222,"buy"
1466293754,19858218,0.014623,35.222,"buy"
1466293755,19858220,0.014623,35.222,"buy"
1466293756,19858222,0.014623,35.222,"buy"
1466293758,19858224,0.014628,35.222,"buy"
1466293759,19858226,0.014628,35.222,"buy"
1466293766,19858228,0.014609,5.19676634,"sell"
1466293777,19858232,0.014628,25,"buy"
1466293777,19858234,0.014628,2.254,"buy"
1466293780,19858236,0.014628,25,"buy"
1466293781,19858238,0.014628,0.13672409,"buy"
1466293790,19858242,0.014628,40.001244,"buy"
1466293791,19858244,0.014689,9.73574325,"buy"
1466293791,19858246,0.01468,0.54538428,"buy"
1466293791,19858248,0.014628,13.79803191,"buy"
1466293791,19858250,0.01468,0.92084056,"buy"
1466293818,19858298,0.014603,7.94877523,"buy"
1466293818,19858300,0.014689,200.94165675,"buy"
1466293818,19858302,0.014688,7.94877523,"buy"
1466293822,19858304,0.0147,6.92,"buy"
1466293834,19858328,0.01466,1.36575927,"sell"
1466293835,19858338,0.01466,0.83886073,"sell"
1466293835,19858340,0.014622,1.61434989,"sell"
1466293836,19858344,0.014623,0.25789226,"sell"
1466293836,19858346,0.014622,2.19531836,"sell"
1466293836,19858348,0.014623,3.56171933,"sell"
1466293836,19858352,0.014622,1.10850871,"sell"
1466293837,19858354,0.014601,32.98838585,"sell"
1466293837,19858356,0.014603,1.19355082,"sell"
1466293837,19858358,0.014603,0.13695816,"sell"
1466293840,19858362,0.014622,2.35983083,"buy"
1466293840,19858364,0.014693,31.941035,"buy"
1466293840,19858366,0.014622,1.2018885,"buy"
1466293840,19858368,0.014693,26.99777784,"buy"
1466293840,19858370,0.014699,0.23924623,"buy"
1466293840,19858372,0.0147,39.62005243,"buy"
1466293841,19858376,0.014605,1.2018885,"sell"
1466293847,19858396,0.014604,151.223,"sell"
1466293847,19858398,0.014601,4.57261415,"sell"
1466293847,19858400,0.0146,53.19542347,"sell"
1466293847,19858402,0.014606,145.536,"sell"
1466293861,19858422,0.01461,65.74714526,"sell"
1466293861,19858428,0.0146,1.4908651,"sell"
1466293870,19858434,0.014696,2,"buy"
1466293883,19858446,0.014679,14.264873,"buy"
1466293883,19858448,0.014679,7.79385048,"buy"
1466293883,19858450,0.014679,14.26487252,"sell"
1466293889,19858470,0.014678,22.05872348,"buy"
1466293889,19858472,0.0147,59.19541192,"buy"
1466293893,19858476,0.014677,14.0567968,"buy"
1466293895,19858486,0.014677,5.03,"buy"
1466293896,19858488,0.014677,2.20462,"buy"
1466293896,19858490,0.014677,1.81083041,"buy"
1466293898,19858500,0.014683,1.53310508,"sell"
1466293899,19858504,0.014675,3,"buy"
1466293899,19858508,0.014675,2.20462,"buy"
1466293902,19858516,0.014674,2.838524,"buy"
1466293902,19858518,0.014674,4.841759,"buy"
1466293902,19858528,0.014674,12.470744,"buy"
1466293902,19858534,0.014674,0.56102926,"buy"
1466293902,19858538,0.014674,1.907696,"buy"
1466293902,19858540,0.014674,0.1362862,"buy"
1466293903,19858550,0.0147,1.10231,"buy"
1466293905,19858554,0.014699,7.15,"buy"
1466293905,19858556,0.014699,14.90872348,"buy"
1466293905,19858558,0.01475,0.6398854,"buy"
1466293905,19858560,0.0147,8.09482565,"buy"
1466293905,19858562,0.014749,1.35656547,"buy"
1466293905,19858568,0.014699,4.841759,"buy"
1466293905,19858570,0.014699,1,"buy"
1466293906,19858572,0.014699,6.51053141,"buy"
1466293912,19858600,0.0147,31.95969,"sell"
1466293912,19858602,0.014632,18.04031,"sell"
1466293914,19858604,0.014609,9.61128129,"sell"
1466293914,19858606,0.014632,1.6,"sell"
1466293914,19858608,0.014675,5.03683475,"sell"
1466293924,19858610,0.014616,22.05872348,"sell"
1466293928,19858612,0.014742,2.88341986,"buy"
1466293928,19858614,0.014742,1.6,"buy"
1466293928,19858616,0.014743,22.05872348,"buy"
1466293928,19858618,0.014742,22.05872348,"buy"
1466293928,19858620,0.01475,201.39913318,"buy"
1466293936,19858632,0.014749,22.05872348,"buy"
1466293936,19858634,0.01475,81.77717652,"buy"
1466293938,19858652,0.014749,1.10484973,"buy"
1466293938,19858654,0.014749,12.63469565,"buy"
1466293938,19858656,0.014749,8.47051462,"buy"
1466293946,19858666,0.014747,9.33478,"buy"
1466293947,19858670,0.014677,12.723943,"sell"
1466293949,19858672,0.014746,2,"buy"
1466293979,19858684,0.014756,22.05872348,"buy"
1466293979,19858686,0.014756,0.96760567,"buy"
1466293979,19858688,0.014755,1.35680295,"buy"
1466293979,19858694,0.01477,5.6168679,"buy"
1466293989,19858708,0.014705,0.84122124,"sell"
1466293999,19858716,0.014709,20,"sell"
1466294011,19858722,0.014698,46.60961324,"sell"
1466294011,19858724,0.014744,3.81438057,"buy"
1466294014,19858736,0.014743,6.744027,"buy"
1466294016,19858738,0.014764,1.35751741,"buy"
1466294016,19858740,0.01477,1.1938694,"buy"
1466294016,19858742,0.014699,1.92495108,"sell"
1466294016,19858744,0.014743,1.924951,"buy"
1466294021,19858758,0.014762,0.96958666,"buy"
1466294021,19858760,0.01477,85.03041334,"buy"
1466294021,19858762,0.014763,22.05872348,"buy"
1466294021,19858764,0.01477,22.05837396,"sell"
1466294021,19858766,0.01477,8.15884936,"buy"
1466294022,19858768,0.0147,8.44358974,"sell"
1466294022,19858790,0.014762,6.821,"buy"
1466294023,19858796,0.014799,20.608609,"buy"
1466294023,19858800,0.01476,2.320721,"buy"
1466294023,19858802,0.014762,0.7221003,"sell"
1466294024,19858808,0.014762,8.05,"buy"
1466294025,19858810,0.014799,0.09166287,"buy"
1466294025,19858814,0.014761,1.35845113,"buy"
1466294025,19858816,0.0148,1.105588,"buy"
1466294026,19858830,0.014746,0.99963631,"sell"
1466294026,19858834,0.014762,3.08147163,"buy"
1466294026,19858836,0.014799,1.60549437,"sell"
1466294026,19858838,0.0148,37.255607,"buy"
1466294026,19858840,0.014798,2,"buy"
1466294027,19858848,0.014798,1.805921,"buy"
1466294027,19858862,0.014746,0.00036369,"sell"
1466294028,19858864,0.014746,0.86249657,"buy"
1466294029,19858866,0.014748,119.1016922,"sell"
1466294030,19858896,0.014748,22.05872348,"buy"
1466294030,19858898,0.014799,2,"buy"
1466294031,19858902,0.014799,20.05872348,"buy"
1466294031,19858904,0.014799,22.05872348,"buy"
1466294031,19858906,0.014799,22.05872348,"buy"
1466294031,19858910,0.014799,6.43308743,"buy"
1466294031,19858912,0.014799,7.33201865,"buy"
1466294031,19858914,0.014799,22.05872348,"buy"
1466294032,19858926,0.014797,22.05872348,"buy"
1466294032,19858928,0.014798,0.68601782,"buy"
1466294032,19858930,0.014799,1.60549437,"buy"
1466294032,19858932,0.01482,0.20447411,"buy"
1466294032,19858934,0.0148,172.85510958,"buy"
1466294032,19858940,0.014826,22.05872348,"sell"
1466294032,19858942,0.014826,0.7429978,"sell"
1466294033,19858944,0.014826,22.05872348,"sell"
1466294033,19858948,0.014826,22.05872348,"sell"
1466294033,19858952,0.014826,22.0587234,"sell"
1466294033,19858960,0.014826,11.5626266,"sell"
1466294034,19858976,0.014826,22.05872348,"sell"
1466294034,19858978,0.014826,10.61542878,"sell"
1466294034,19858980,0.014826,11.56158663,"sell"
1466294035,19858994,0.014826,18.93843302,"sell"
1466294035,19858998,0.014826,2.47023039,"sell"
1466294035,19859004,0.014826,35.45622175,"sell"
1466294034,19859008,0.014826,22.05872348,"sell"
1466294036,19859020,0.014847,2,"buy"
1466294036,19859024,0.014826,10.03744696,"sell"
1466294036,19859026,0.014827,22.05872348,"sell"
1466294036,19859028,0.014827,12.02127652,"sell"
1466294036,19859034,0.014826,2.47468482,"sell"
1466294036,19859036,0.014826,1.60549437,"sell"
1466294036,19859042,0.014847,20.05872348,"buy"
1466294036,19859046,0.014848,0.82409285,"buy"
1466294036,19859048,0.01485,53.79706067,"buy"
1466294036,19859050,0.014849,10.1262,"buy"
1466294036,19859064,0.01485,90.53712,"buy"
1466294038,19859066,0.01485,255.66581933,"buy"
1466294038,19859072,0.01488,244.33418067,"buy"
1466294038,19859076,0.01485,2.49502008,"sell"
1466294038,19859078,0.01488,2,"buy"
1466294038,19859080,0.01485,7.63117992,"sell"
1466294038,19859082,0.01485,11.49730735,"sell"
1466294038,19859092,0.01485,13.00801729,"buy"
1466294039,19859096,0.014851,15.25198271,"sell"
1466294039,19859100,0.014829,2.01,"sell"
1466294039,19859106,0.01485,1.35556519,"sell"
1466294039,19859108,0.014827,22.05872348,"buy"
1466294039,19859116,0.014826,9.55143402,"buy"
1466294039,19859120,0.01485,1.09048445,"buy"
1466294040,19859124,0.01485,1.46436143,"buy"
1466294040,19859126,0.01485,2.49944267,"buy"
1466294040,19859128,0.014852,6.01739188,"sell"
1466294040,19859130,0.01485,2.49929441,"buy"
1466294041,19859146,0.01483,2.54196793,"sell"
1466294041,19859148,0.0148,0.13513514,"sell"
1466294041,19859150,0.014749,2.16799296,"sell"
1466294041,19859152,0.01483,0.19631457,"sell"
1466294042,19859172,0.014831,4.42357408,"sell"
1466294042,19859174,0.014831,3.23392036,"sell"
1466294042,19859180,0.01475,2.00925408,"sell"
1466294043,19859190,0.014879,22.05872348,"buy"
1466294043,19859194,0.014879,19.16239378,"buy"
1466294043,19859196,0.014879,2.49929441,"buy"
1466294043,19859200,0.014879,11.56143402,"buy"
1466294043,19859202,0.014847,22.05872348,"buy"
1466294043,19859204,0.014879,1.99189471,"buy"
1466294043,19859206,0.014879,0.68714424,"buy"
1466294043,19859212,0.014879,6.01739188,"buy"
1466294043,19859216,0.014801,8.96776152,"sell"
1466294043,19859218,0.014801,22.05872348,"sell"
1466294043,19859220,0.014802,6.01739188,"sell"
1466294043,19859222,0.014799,1,"sell"
1466294043,19859224,0.01475,12.09096196,"sell"
1466294043,19859226,0.01475,2.42745614,"sell"
1466294044,19859228,0.014879,0.75797435,"buy"
1466294043,19859230,0.014802,2.49929441,"sell"
1466294044,19859234,0.014879,1.24202565,"buy"
1466294045,19859264,0.01478,0.23619499,"sell"
1466294045,19859268,0.01475,3.00355625,"buy"
1466294045,19859274,0.014827,2,"buy"
1466294046,19859292,0.014801,3.66559973,"buy"
1466294047,19859294,0.014711,3.71392086,"sell"
1466294047,19859296,0.01475,3.7244,"buy"
1466294047,19859300,0.01475,2.271214,"buy"
1466294047,19859306,0.014749,1.78,"buy"
1466294047,19859308,0.01475,1.557922,"buy"
1466294047,19859310,0.014749,3.03,"buy"
1466294047,19859312,0.014749,4.54,"buy"
1466294047,19859314,0.014878,2.50380125,"buy"
1466294047,19859316,0.014749,12.70872348,"buy"
1466294047,19859318,0.014878,3.66559973,"buy"
1466294047,19859320,0.01475,3.23975124,"buy"
1466294048,19859322,0.01485,1.44834345,"buy"
1466294047,19859324,0.014801,1.5,"sell"
1466294047,19859326,0.014878,3.23975124,"buy"
1466294047,19859328,0.014781,5.13321606,"sell"
1466294047,19859332,0.01488,74.64237306,"buy"
1466294048,19859340,0.014781,19.02872348,"sell"
1466294048,19859342,0.014781,6.86454546,"sell"
1466294048,19859344,0.01478,0.12783001,"sell"
1466294048,19859346,0.01475,15.06634801,"sell"
1466294049,19859366,0.014781,1.814545,"buy"
1466294050,19859376,0.014781,4.54,"sell"
1466294050,19859378,0.01475,3.74143402,"sell"
1466294050,19859380,0.014781,1.5,"sell"
1466294050,19859382,0.014781,1.78,"sell"
1466294050,19859384,0.01475,0.49507869,"sell"
1466294051,19859402,0.014751,0.28144302,"sell"
1466294051,19859410,0.014751,22.05872348,"sell"
1466294051,19859412,0.014751,3.23975124,"sell"
1466294051,19859416,0.014751,5.44656726,"sell"
1466294051,19859418,0.014752,0.28144302,"sell"
1466294051,19859422,0.014752,22.05872348,"sell"
1466294051,19859424,0.01475,4.1879782,"sell"
1466294051,19859426,0.014879,1.2,"buy"
1466294051,19859428,0.014878,0.8,"buy"
1466294052,19859434,0.014781,18.64628889,"buy"
1466294052,19859440,0.014749,3.41243411,"buy"
1466294053,19859446,0.014749,18.64628848,"buy"
1466294053,19859448,0.014749,3.412435,"buy"
1466294053,19859450,0.01485,2.91671152,"sell"
1466294054,19859456,0.01474,0.28144302,"sell"
1466294054,19859460,0.01478,11.45798804,"buy"
1466294054,19859462,0.014749,19.14201196,"buy"
1466294054,19859464,0.01471,0.13401654,"sell"
1466294054,19859466,0.01478,10.60073544,"buy"
1466294054,19859468,0.01471,5.29919952,"buy"
1466294054,19859470,0.01478,5.43321606,"buy"
1466294054,19859474,0.01478,6.0247715,"sell"
1466294054,19859476,0.01478,3.412435,"buy"
1466294055,19859494,0.01478,2.271214,"buy"
1466294055,19859496,0.01478,4.057349,"buy"
1466294055,19859500,0.014753,22.05872348,"sell"
1466294055,19859502,0.014753,10.71723652,"sell"
1466294055,19859504,0.01478,2.27121435,"buy"
1466294055,19859506,0.01478,2.6171,"buy"
1466294057,19859518,0.01474,0.28144302,"buy"
1466294057,19859520,0.01478,1.61473998,"buy"
1466294057,19859522,0.01488,68.71488446,"buy"
1466294057,19859526,0.014753,10.71723652,"buy"
1466294057,19859528,0.01478,0.28144302,"buy"
1466294058,19859536,0.01488,8.639,"buy"
1466294058,19859538,0.014753,10.71723652,"sell"
1466294058,19859546,0.014779,3,"buy"
1466294058,19859548,0.0147,0.28144302,"sell"
1466294058,19859550,0.014779,11.34148696,"buy"
1466294058,19859552,0.014779,19.05872348,"buy"
1466294058,19859554,0.014879,17.54284353,"buy"
1466294058,19859556,0.014876,0.69011785,"buy"
1466294058,19859558,0.01488,1.66956181,"buy"
1466294058,19859560,0.014898,34.41429381,"buy"
1466294058,19859566,0.014898,177.7,"buy"
1466294059,19859572,0.014779,14.862826,"buy"
1466294060,19859586,0.014753,7.195897,"buy"
1466294060,19859588,0.014753,1.01733428,"buy"
1466294060,19859590,0.014779,14.862826,"buy"
1466294060,19859592,0.014753,7.19589772,"buy"
1466294060,19859594,0.014879,22.05872348,"buy"
1466294060,19859596,0.014879,10.71723652,"buy"
1466294060,19859600,0.014898,106.65228472,"buy"
1466294060,19859604,0.014879,8.21323128,"buy"
1466294060,19859610,0.014779,14.72068401,"sell"
1466294060,19859612,0.01484,0.14214199,"sell"
1466294061,19859616,0.014752,10.67037649,"buy"
1466294060,19859620,0.014762,1,"sell"
1466294061,19859624,0.014753,10.71723652,"buy"
1466294060,19859626,0.014779,10.38834699,"sell"
1466294061,19859642,0.014779,10.308,"buy"
1466294062,19859654,0.014879,12.70001585,"buy"
1466294062,19859656,0.014879,17.75002685,"buy"
1466294062,19859658,0.014879,2.16281015,"buy"
1466294062,19859662,0.014878,20.33484715,"buy"
1466294062,19859664,0.014754,22.05872348,"sell"
1466294063,19859676,0.014754,22.05872348,"sell"
1466294063,19859686,0.014754,22.05872348,"sell"
1466294063,19859690,0.014754,11.33257296,"sell"
1466294063,19859698,0.014754,3.56746652,"sell"
1466294063,19859702,0.014754,22.05872348,"sell"
1466294063,19859710,0.014754,10.73684584,"sell"
1466294064,19859732,0.014755,10.73684584,"sell"
1466294064,19859740,0.014755,19.79641916,"sell"
1466294065,19859748,0.014753,8.88434175,"sell"
1466294067,19859786,0.014754,14.89002026,"buy"
1466294067,19859788,0.014753,8.88434175,"buy"
1466294067,19859790,0.014754,6.75890299,"buy"
1466294067,19859792,0.014754,8.13092068,"buy"
1466294068,19859800,0.014754,1.55792206,"buy"
1466294070,19859834,0.014711,1.75564296,"sell"
1466294070,19859836,0.014711,8.13092068,"sell"
1466294071,19859838,0.014778,0.13825248,"buy"
1466294073,19859844,0.01475,0.1,"sell"
1466294073,19859846,0.014777,10.73656233,"buy"
1466294073,19859848,0.014777,10.73488806,"buy"
1466294073,19859850,0.014777,14.86282561,"buy"
1466294074,19859852,0.014777,22.05872348,"buy"
1466294074,19859854,0.014777,10.73684584,"buy"
1466294074,19859856,0.014777,3.65413146,"buy"
1466294074,19859858,0.014777,22.05872348,"buy"
1466294074,19859860,0.014777,22.05872348,"buy"
1466294074,19859862,0.014683,8.88434175,"sell"
1466294075,19859868,0.014777,14.91667352,"buy"
1466294075,19859870,0.014777,22.05872348,"buy"
1466294079,19859878,0.014776,22.058723,"buy"
1466294079,19859880,0.014776,17.042455,"buy"
1466294079,19859882,0.014776,5.01626848,"buy"
1466294092,19859884,0.014897,2,"buy"
1466294094,19859886,0.014899,2,"buy"
1466294097,19859888,0.015,317.91450266,"buy"
1466294097,19859890,0.0149,400,"buy"
1466294097,19859892,0.014934,100,"buy"
1466294097,19859894,0.015,14.89002026,"sell"
1466294098,19859896,0.01502,2,"buy"
1466294099,19859898,0.01502,2,"buy"
1466294100,19859900,0.015019,2,"buy"
1466294101,19859902,0.015,10,"sell"
1466294101,19859904,0.015,2.14613326,"sell"
1466294104,19859910,0.015,193.67359227,"sell"
1466294104,19859912,0.0149,0.10822149,"sell"
1466294104,19859914,0.014888,24.89177851,"sell"
1466294105,19859916,0.014888,24.3,"sell"
1466294105,19859918,0.014899,0.7,"sell"
1466294105,19859920,0.014888,25,"sell"
1466294114,19859924,0.014967,2,"buy"
1466294135,19859930,0.01499,44.4,"buy"
1466294136,19859932,0.015004,2.31,"buy"
1466294136,19859934,0.015003,47.69,"buy"
1466294137,19859936,0.015,11.71476,"sell"
1466294139,19859938,0.015,9.149532,"sell"
1466294143,19859942,0.015,376.28661195,"sell"
1466294144,19859944,0.014895,9.16,"sell"
1466294144,19859946,0.014889,15.84,"sell"
1466294160,19859948,0.014999,2.20769682,"buy"
1466294196,19859966,0.015,250,"buy"
1466294204,19859968,0.014999,2,"buy"
1466294208,19859970,0.015,2,"buy"
1466294232,19859984,0.015,22.765028,"buy"
1466294232,19859986,0.015,33.631,"buy"
1466294249,19859994,0.014999,34.35845,"buy"
1466294249,19859996,0.015,38.88312483,"buy"
1466294290,19860002,0.014913,4.07,"sell"
1466294290,19860004,0.014915,81.77,"sell"
1466294327,19860012,0.014917,18.77966017,"sell"
1466294375,19860022,0.014989,33.222315,"buy"
1466294375,19860024,0.01499,10.60119412,"buy"
1466294382,19860026,0.014918,25,"sell"
1466294383,19860028,0.014917,25,"sell"
1466294384,19860030,0.014917,25,"sell"
1466294385,19860032,0.014917,25,"sell"
1466294390,19860040,0.014917,25,"sell"
1466294393,19860042,0.014989,2,"buy"
1466294403,19860044,0.014917,139.4217,"sell"
1466294403,19860046,0.014889,15.12,"sell"
1466294453,19860074,0.0149,2,"buy"
1466294454,19860076,0.0149,22.29561591,"buy"
1466294460,19860080,0.014889,94.4894,"sell"
1466294460,19860090,0.0148,7.259763,"sell"
1466294460,19860098,0.014781,78.73418674,"sell"
1466294460,19860100,0.0148,6.259763,"sell"
1466294460,19860104,0.014888,62.28798726,"sell"
1466294461,19860106,0.014781,109.00639943,"sell"
1466294467,19860122,0.014888,2,"buy"
1466294478,19860124,0.014803,153.533,"sell"
1466294494,19860130,0.014801,163.484,"sell"
1466294494,19860132,0.0148,200,"sell"
1466294506,19860138,0.014801,150,"sell"
1466294514,19860140,0.014781,130.97091383,"sell"
1466294514,19860142,0.014796,141.7341,"sell"
1466294514,19860144,0.014797,74.56,"sell"
1466294514,19860146,0.014702,236.2235,"sell"
1466294514,19860148,0.0147,400,"sell"
1466294514,19860150,0.01475,200,"sell"
1466294550,19860172,0.014704,0.50014579,"sell"
1466294550,19860174,0.014703,119.09985421,"sell"
1466294550,19860176,0.014704,2.4,"sell"
1466294598,19860202,0.0147,200,"sell"
1466294644,19860226,0.014694,36.5933,"sell"
1466294644,19860228,0.01469,136,"sell"
1466294671,19860248,0.014624,9.32,"sell"
1466294671,19860250,0.01462,15.3501,"sell"
1466294671,19860252,0.0146,45.31371143,"sell"
1466294671,19860254,0.01462,23.503,"sell"
1466294671,19860256,0.014611,48.7911,"sell"
1466294671,19860258,0.0146,400,"sell"
1466294671,19860260,0.0146,5.76135971,"buy"
1466294672,19860262,0.0146,11.82132928,"buy"
1466294672,19860270,0.0146,12,"buy"
1466294675,19860280,0.0146,7.28104087,"buy"
1466294675,19860286,0.0146,0.85870221,"buy"
1466294675,19860288,0.0146,7.28104087,"buy"
1466294676,19860290,0.0146,2.70787872,"buy"
1466294676,19860294,0.0146,7.28104087,"buy"
1466294677,19860296,0.0146,6.06138825,"buy"
1466294677,19860298,0.0146,50,"buy"
1466294677,19860304,0.0146,50,"buy"
1466294678,19860306,0.0146,66.907232,"buy"
1466294678,19860308,0.0146,50,"buy"
1466294683,19860312,0.0146,5.92486301,"buy"
1466294688,19860322,0.0146,3.6835,"buy"
1466294687,19860324,0.0146,50,"buy"
1466294688,19860328,0.0146,1.26267123,"buy"
1466294689,19860334,0.0146,50,"buy"
1466294691,19860336,0.014573,146.069,"sell"
1466294693,19860342,0.0146,26.520999,"buy"
1466294696,19860344,0.0146,112.94700234,"buy"
1466294701,19860350,0.0146,50,"buy"
1466294706,19860356,0.014599,2.3,"buy"
1466294706,19860358,0.0146,24.220804,"buy"
1466294706,19860360,0.014585,10,"sell"
1466294720,19860370,0.0146,88.954,"buy"
1466294723,19860374,0.0146,200,"buy"
1466294729,19860388,0.0146,36.983408,"buy"
1466294729,19860390,0.0146,62.87073,"buy"
1466294729,19860392,0.0146,3.26,"buy"
1466294730,19860396,0.0146,26.736,"buy"
1466294745,19860398,0.014551,11.26630678,"sell"
1466294745,19860400,0.014556,170.77,"sell"
1466294745,19860402,0.01454,19.13869322,"sell"
1466294745,19860404,0.014554,146.425,"sell"
1466294745,19860406,0.014557,2.4,"sell"
1466294833,19860438,0.014555,5.56572118,"sell"
1466294835,19860442,0.01455,29.43427882,"buy"
1466294836,19860444,0.0146,25,"buy"
1466294845,19860480,0.014541,16.97421359,"sell"
1466294847,19860502,0.014541,1.50109729,"sell"
1466294847,19860504,0.014541,16.97421359,"sell"
1466294851,19860510,0.01452,400,"sell"
1466294851,19860512,0.01454,0.23986665,"sell"
1466294851,19860514,0.01453,22.1362,"sell"
1466294851,19860516,0.014541,119.50447553,"sell"
1466294851,19860518,0.01451,500,"sell"
1466294851,19860520,0.0145,3554.04188779,"sell"
1466294851,19860522,0.0145,246.05198047,"sell"
1466294851,19860524,0.01454,100,"sell"
1466294851,19860526,0.014526,0.20654263,"sell"
1466294868,19860534,0.01451,5.77356193,"sell"
1466294872,19860536,0.01451,25,"sell"
1466294879,19860540,0.01451,25,"sell"
1466294879,19860542,0.01451,25,"sell"
1466294879,19860544,0.01451,25,"sell"
1466294882,19860546,0.0145,25,"sell"
1466294884,19860548,0.0145,25,"sell"
1466294889,19860552,0.0145,150,"sell"
1466294890,19860554,0.0145,200,"sell"
1466294893,19860562,0.0145,17.00211105,"sell"
1466294894,19860566,0.0145,32.95130424,"sell"
1466294896,19860568,0.0145,281.73276481,"sell"
1466294895,19860570,0.0145,255.26844,"sell"
1466294895,19860572,0.0145,25,"sell"
1466294896,19860574,0.0145,57.6,"sell"
1466294896,19860576,0.0145,25,"sell"
1466294897,19860578,0.0145,57.6,"sell"
1466294898,19860580,0.0145,57.6,"sell"
1466294899,19860582,0.0145,50,"sell"
1466294899,19860584,0.014471,5.54,"sell"
1466294899,19860588,0.0145,3.602456,"sell"
1466294899,19860590,0.0145,44.19339943,"sell"
1466294899,19860594,0.0145,4,"sell"
1466294899,19860596,0.01446,200,"sell"
1466294899,19860598,0.01447,14.50023229,"sell"
1466294899,19860600,0.01445,768.14391228,"sell"
1466294899,19860608,0.0145,6.39,"buy"
1466294902,19860618,0.014451,57.602,"sell"
1466294902,19860620,0.01446,1.01813681,"buy"
1466294902,19860622,0.01445,519.579,"sell"
1466294902,19860624,0.014451,87.401,"sell"
1466294903,19860626,0.01445,250,"sell"
1466294905,19860632,0.014452,166.327,"sell"
1466294905,19860634,0.01445,2903.153,"sell"
1466294906,19860636,0.01445,146.23197972,"sell"
1466294905,19860638,0.01445,103.887808,"sell"
1466294906,19860640,0.01445,145.536,"buy"
1466294911,19860646,0.014355,51.06575889,"sell"
1466294911,19860648,0.014355,1.58019751,"sell"
1466294917,19860664,0.014355,0.6543206,"sell"
1466294917,19860670,0.014355,6.19786029,"sell"
1466294920,19860708,0.014355,76.77296457,"sell"
1466294923,19860718,0.014438,34.86805,"buy"
1466294923,19860720,0.014439,15.13195,"buy"
1466294924,19860724,0.014354,5.25881117,"sell"
1466294931,19860726,0.014396,30.468655,"buy"
1466294931,19860728,0.014398,19.531345,"buy"
1466294933,19860734,0.014397,24.44345042,"buy"
1466294933,19860736,0.014397,0.62449983,"buy"
1466294933,19860738,0.014397,24.93204975,"buy"
1466294934,19860740,0.014397,0.85735878,"buy"
1466294940,19860746,0.01434,3.824607,"sell"
1466294940,19860748,0.014354,5.59718883,"sell"
1466294940,19860750,0.01432,11.074392,"sell"
1466294940,19860752,0.0143,2.77378727,"sell"
1466294940,19860754,0.0143,1.7300249,"sell"
1466294945,19860772,0.014301,5.5963952,"sell"
1466294946,19860780,0.014301,25,"sell"
1466294946,19860782,0.014301,17.31997846,"sell"
1466294946,19860790,0.014301,17.31997846,"sell"
1466294946,19860792,0.014301,50.92326096,"sell"
1466294947,19860800,0.0143,377.22580844,"sell"
1466294947,19860802,0.0143,0.00040429,"sell"
1466294947,19860804,0.014208,21.11486486,"sell"
1466294947,19860806,0.014207,2.83348965,"sell"
1466294947,19860808,0.014295,0.9305731,"sell"
1466294947,19860810,0.01424,0.1202816,"sell"
1466294947,19860816,0.01425,0.93136389,"sell"
1466294947,19860818,0.01425,49.06863611,"sell"
1466294948,19860824,0.014208,1.53227895,"sell"
1466294951,19860864,0.014208,1.532279,"sell"
1466294951,19860874,0.014208,0.26829598,"sell"
1466294951,19860878,0.01424,17.319978,"buy"
1466294951,19860882,0.014208,161.92814607,"sell"
1466294951,19860884,0.014207,23.01231035,"sell"
1466294951,19860886,0.0142,10,"sell"
1466294951,19860888,0.0142,79.05954358,"sell"
1466294952,19860890,0.0142,17.31997847,"sell"
1466294952,19860892,0.014201,13.899781,"sell"
1466294952,19860894,0.0142,0.26829598,"sell"
1466294953,19860896,0.014201,4.07445013,"sell"
1466294953,19860898,0.014201,7.22549187,"sell"
1466294957,19860918,0.014201,17.5899359,"sell"
1466294961,19860922,0.014203,1.5585968,"sell"
1466294964,19860948,0.014203,17.58163179,"sell"
1466294967,19860952,0.014356,10,"buy"
1466294972,19860970,0.014203,1.57659049,"sell"
1466294974,19860976,0.014203,4.88594769,"sell"
1466294975,19861004,0.014203,17.71544562,"sell"
1466294980,19861020,0.014211,9.99964342,"sell"
1466294980,19861024,0.014211,17.71544562,"sell"
1466294980,19861030,0.014211,81.87073254,"sell"
1466294981,19861044,0.014211,17.63157441,"sell"
1466294981,19861054,0.014211,13.52060401,"sell"
1466294981,19861064,0.01421,0.1007413,"sell"
1466294982,19861068,0.014203,7.83491463,"sell"
1466294982,19861070,0.014203,42.20405505,"sell"
1466294982,19861072,0.01421,9.8992587,"sell"
1466294982,19861074,0.014203,10.76971388,"sell"
1466294982,19861076,0.014203,1.40474528,"sell"
1466294982,19861078,0.014203,0.27052155,"sell"
1466294982,19861086,0.014203,0.10243007,"sell"
1466294982,19861090,0.014203,17.63157441,"sell"
1466294983,19861098,0.014211,0.1007413,"sell"
1466294983,19861110,0.014211,0.1007413,"sell"
1466294984,19861114,0.014211,0.10243104,"sell"
1466294983,19861116,0.014211,0.10242918,"sell"
1466294984,19861122,0.014211,0.10243007,"sell"
1466294984,19861124,0.014211,0.1007413,"sell"
1466294985,19861146,0.014211,0.1007413,"sell"
1466294985,19861152,0.014339,0.93015847,"buy"
1466294985,19861154,0.01434,49.06984153,"buy"
1466294988,19861172,0.014211,1.09728752,"sell"
1466294988,19861176,0.014211,0.10243104,"sell"
1466294992,19861182,0.014221,17.42259235,"sell"
1466295005,19861196,0.014289,31.487855,"buy"
1466295005,19861198,0.01429,16.112145,"buy"
1466295005,19861200,0.014288,2.4,"buy"
1466295006,19861202,0.014221,5,"sell"
1466295010,19861264,0.014221,17.50724612,"sell"
1466295009,19861266,0.014221,24.94171906,"sell"
1466295009,19861268,0.014221,17.7661524,"sell"
1466295009,19861274,0.014221,10.04440034,"sell"
1466295012,19861288,0.01422,10,"sell"
1466295012,19861290,0.014211,24.94171906,"sell"
1466295012,19861292,0.01422,7.7661524,"buy"
1466295012,19861294,0.01422,1.0514921,"sell"
1466295012,19861296,0.01422,7.7661524,"sell"
1466295013,19861298,0.01422,10.04440034,"sell"
1466295013,19861308,0.01422,0.38126196,"sell"
1466295013,19861314,0.014221,3.126429,"buy"
1466295013,19861318,0.01421,10,"sell"
1466295013,19861322,0.014203,7.50724612,"sell"
1466295015,19861332,0.01422,10.28082495,"buy"
1466295016,19861340,0.014211,17.50724612,"sell"
1466295016,19861348,0.014211,17.66502741,"sell"
1466295017,19861352,0.014211,35.172274,"sell"
1466295019,19861358,0.014221,8.3402766,"buy"
1466295019,19861360,0.014221,14.6397234,"buy"
1466295019,19861362,0.014203,68.724512,"sell"
1466295026,19861366,0.014221,14.10144246,"buy"
1466295026,19861368,0.01422,2.5,"buy"
1466295029,19861372,0.014209,1.030962,"buy"
1466295031,19861380,0.014187,2.4,"sell"
1466295031,19861382,0.014186,12.25501583,"sell"
1466295044,19861410,0.014158,11.03768563,"sell"
1466295044,19861412,0.01418,4.060959,"sell"
1466295044,19861414,0.014186,2.40037525,"sell"
1466295045,19861434,0.014154,5.09934552,"sell"
1466295045,19861436,0.014158,5.75625079,"sell"
1466295045,19861444,0.014154,3.90111114,"sell"
1466295045,19861448,0.01415,516.17705212,"sell"
1466295045,19861450,0.014154,1.85554334,"sell"
1466295045,19861452,0.01415,29.90851871,"sell"
1466295045,19861456,0.01415,24.94171906,"sell"
1466295045,19861458,0.01415,24.94171906,"sell"
1466295046,19861462,0.01415,1.50678888,"sell"
1466295046,19861468,0.01415,17.49901988,"sell"
1466295047,19861478,0.014158,5.75583328,"buy"
1466295047,19861480,0.014199,138.3641,"buy"
1466295047,19861482,0.014186,2.4,"buy"
1466295048,19861486,0.0142,17.21076869,"sell"
1466295048,19861488,0.0142,1.05291087,"sell"
1466295048,19861500,0.0142,17.49901988,"sell"
1466295049,19861508,0.0142,135.02479443,"sell"
1466295049,19861510,0.0142,186.04475482,"sell"
1466295049,19861512,0.01415,135.02518229,"sell"
1466295049,19861518,0.01414,70.9356529,"sell"
1466295050,19861530,0.01414,156.281928,"sell"
1466295050,19861538,0.01414,272.78200976,"sell"
1466295050,19861542,0.01414,0.00040934,"sell"
1466295051,19861546,0.014102,3.02216411,"sell"
1466295051,19861548,0.014102,23.12821753,"sell"
1466295051,19861550,0.01412,0.1,"sell"
1466295052,19861552,0.014102,3.0167242,"sell"
1466295052,19861554,0.014102,23.12821753,"sell"
1466295052,19861558,0.014102,3.02216411,"sell"
1466295052,19861560,0.014102,3.0167242,"sell"
1466295052,19861564,0.014102,23.12821753,"sell"
1466295052,19861566,0.014102,3.02720447,"sell"
1466295053,19861576,0.014102,23.16992339,"sell"
1466295053,19861578,0.01412,3.02720447,"buy"
1466295053,19861580,0.014157,3.02216411,"sell"
1466295053,19861582,0.014157,1.61372291,"buy"
1466295064,19861600,0.01415,2.407691,"buy"
1466295069,19861640,0.01412,7.56836151,"sell"
1466295069,19861642,0.01413,10,"sell"
1466295071,19861646,0.01412,1.06721108,"sell"
1466295071,19861654,0.01412,17.56836151,"sell"
1466295073,19861664,0.01412,17.56836151,"sell"
1466295073,19861666,0.01412,7.56836151,"sell"
1466295073,19861668,0.01413,10,"sell"
1466295080,19861678,0.01413,10,"sell"
1466295080,19861680,0.01412,40,"sell"
1466295088,19861688,0.01412,0.99821053,"sell"
1466295088,19861692,0.01412,15.14687026,"sell"
1466295090,19861700,0.01412,0.9982,"sell"
1466295091,19861702,0.01412,0.9982,"sell"
1466295091,19861710,0.01412,0.9982,"sell"
1466295093,19861722,0.01412,0.9982,"sell"
1466295093,19861724,0.01412,0.9982,"sell"
1466295094,19861732,0.01412,11,"sell"
1466295095,19861738,0.01412,0.9982,"sell"
1466295097,19861744,0.01412,0.9982,"sell"
1466295098,19861746,0.01412,0.9982,"sell"
1466295098,19861752,0.01412,20,"sell"
1466295100,19861758,0.01412,20,"sell"
1466295100,19861762,0.01412,0.9982,"sell"
1466295101,19861766,0.01412,20,"sell"
1466295102,19861768,0.01412,20,"sell"
1466295102,19861770,0.01412,0.9982,"sell"
1466295102,19861772,0.01412,1,"sell"
1466295102,19861774,0.01412,0.9982,"sell"
1466295103,19861786,0.01412,20,"sell"
1466295104,19861792,0.01412,0.9982,"sell"
1466295104,19861798,0.01412,20,"sell"
1466295105,19861800,0.01412,20,"sell"
1466295105,19861802,0.01412,0.9982,"sell"
1466295105,19861808,0.01412,0.9982,"sell"
1466295106,19861814,0.01412,20,"sell"
1466295106,19861816,0.01412,0.9982,"sell"
1466295107,19861820,0.01412,52.908,"sell"
1466295107,19861824,0.01412,0.9982,"sell"
1466295109,19861830,0.014169,27.51,"buy"
1466295109,19861832,0.01417,7.49,"buy"
1466295110,19861834,0.01412,0.9982,"sell"
1466295110,19861840,0.01412,0.9982,"sell"
1466295110,19861846,0.01412,0.9982,"sell"
1466295112,19861854,0.01412,0.99172387,"sell"
1466295112,19861856,0.01412,0.9982,"sell"
1466295113,19861864,0.01412,0.9982,"sell"
1466295115,19861870,0.01412,0.99172387,"sell"
1466295116,19861878,0.01412,0.9982,"sell"
1466295118,19861884,0.01412,157.442,"sell"
1466295118,19861890,0.01412,0.9982,"sell"
1466295118,19861892,0.01412,0.14234886,"sell"
1466295119,19861896,0.01412,0.99172387,"sell"
1466295119,19861900,0.01412,0.9982,"sell"
1466295119,19861902,0.01412,2.19538,"sell"
1466295120,19861906,0.01412,0.9982,"sell"
1466295120,19861908,0.01412,61.21,"sell"
1466295121,19861916,0.01412,0.9982,"sell"
1466295121,19861918,0.01412,84.99630075,"sell"
1466295121,19861920,0.01412,10.632902,"sell"
1466295121,19861922,0.01412,13.174911,"sell"
1466295122,19861928,0.01412,3,"sell"
1466295122,19861930,0.01412,10.632902,"sell"
1466295123,19861932,0.01412,0.9982,"sell"
1466295123,19861938,0.01412,0.99172387,"sell"
1466295123,19861940,0.01412,1,"sell"
1466295123,19861944,0.01412,1.664201,"sell"
1466295123,19861946,0.014021,28.99028217,"sell"
1466295123,19861950,0.01412,40.597021,"sell"
1466295123,19861952,0.0141,0.31169683,"sell"
1466295149,19862078,0.014079,30.812,"buy"
1466295153,19862094,0.014021,111.92532823,"sell"
1466295166,19862150,0.014031,0.9982,"sell"
1466295166,19862152,0.014031,0.9982,"sell"
1466295166,19862154,0.014075,0.9982,"buy"
1466295166,19862158,0.014075,0.9982,"buy"
1466295166,19862160,0.014075,0.9982,"buy"
1466295166,19862162,0.01408,2.576123,"buy"
1466295166,19862164,0.014139,30.08280613,"buy"
1466295166,19862166,0.0141,50,"buy"
1466295166,19862168,0.01412,0.99172387,"buy"
1466295167,19862172,0.014139,109.04429387,"buy"
1466295168,19862176,0.01415,7,"sell"
1466295168,19862178,0.014156,5.57,"buy"
1466295168,19862182,0.01415,0.9982,"sell"
1466295169,19862190,0.014151,0.9982,"sell"
1466295169,19862194,0.014151,0.9982,"sell"
1466295169,19862196,0.014151,7,"sell"
1466295169,19862198,0.014151,0.9982,"sell"
1466295169,19862206,0.014155,22.399041,"buy"
1466295170,19862216,0.014151,0.9982,"sell"
