"timestamp","tid","price","amount","sell"
1466373021,19981308,769.4,0.14952115,"sell"
1466373027,19981310,769.4,0.22034166,"sell"
1466373027,19981312,769.39,10.30533815,"sell"
1466373064,19981314,768.97,0.15329292,"sell"
1466373064,19981316,768.96,0.01,"sell"
1466373067,19981318,768.87,0.06006758,"buy"
1466373068,19981320,768.04,0.22,"sell"
1466373068,19981322,768.09,0.03,"sell"
1466373083,19981326,768.22,0.51451262,"sell"
1466373090,19981328,768.23,0.06358369,"sell"
1466373090,19981330,768.22,0.06641631,"sell"
1466373093,19981332,768.75,2.5,"buy"
1466373101,19981334,768.23,0.02640953,"sell"
1466373101,19981336,768.22,5.58969536,"sell"
1466373120,19981340,768.62,5.5,"buy"
1466373120,19981342,768.62,3,"buy"
1466373120,19981344,768.62,0.5,"buy"
1466373124,19981346,768.22,2,"buy"
1466373130,19981348,768.3,3.495,"sell"
1466373130,19981350,768.32,6.505,"sell"
1466373149,19981354,768.3,0.25,"sell"
1466373194,19981360,768.65,0.35181555,"buy"
1466373194,19981362,768.63,6.4819,"buy"
1466373203,19981364,768.3,0.0932,"sell"
1466373203,19981366,768.3,0.0068,"buy"
1466373203,19981368,768.65,0.0032,"buy"
1466373259,19981374,768.1,0.04510682,"sell"
1466373339,19981378,768.15,0.04615252,"sell"
1466373362,19981382,768.19,0.40110016,"sell"
1466373362,19981384,768.2,0.321,"sell"
1466373368,19981386,768.21,0.096718,"sell"
1466373370,19981388,768.49,0.06006758,"buy"
1466373387,19981390,768.21,0.11669433,"sell"
1466373390,19981392,768.21,1.5420509,"sell"
1466373420,19981396,768.4,0.02638,"sell"
1466373420,19981398,768.2,0.12542498,"sell"
1466373420,19981400,768.22,0.5,"sell"
1466373420,19981402,768.21,0.58093677,"sell"
1466373421,19981404,768.21,6.479,"buy"
1466373453,19981406,768.21,0.2,"buy"
1466373489,19981410,768.21,5,"buy"
1466373492,19981412,768.15,0.03522,"sell"
1466373496,19981414,768.21,5,"buy"
1466373519,19981422,768.2,0.02,"sell"
1466373540,19981424,768.2,0.65,"sell"
1466373543,19981426,768.2,0.026523,"sell"
1466373561,19981432,768.21,0.0199,"buy"
1466373566,19981434,768.2,0.02,"sell"
1466373579,19981442,768.2,3,"sell"
1466373639,19981454,768.21,0.01503006,"buy"
1466373656,19981456,768.2,0.01372,"sell"
1466373673,19981464,768.21,0.06006758,"buy"
1466373673,19981466,768.2,0.55894348,"sell"
1466373673,19981468,768.2,3.44105652,"sell"
1466373676,19981470,768.2,0.04047193,"sell"
1466373736,19981504,768.2,0.02986313,"sell"
1466373736,19981506,768.2,0.01,"sell"
1466373736,19981508,768.2,0.18172113,"sell"
1466373736,19981510,768.2,0.02,"sell"
1466373740,19981524,768.21,0.0520095,"buy"
1466373741,19981532,768.21,0.05201835,"buy"
1466373742,19981538,768.21,0.03272658,"buy"
1466373743,19981544,768.21,0.02623554,"buy"
1466373744,19981546,768.21,0.02413693,"buy"
1466373745,19981556,768.21,0.03937677,"buy"
1466373746,19981564,768.21,0.01517793,"buy"
1466373753,19981580,768.21,0.01626029,"buy"
1466373754,19981588,768.21,0.03083648,"buy"
1466373774,19981602,768.2,2.2945127,"sell"
1466373783,19981608,768.2,0.06323586,"sell"
1466373788,19981610,768.19,0.02573063,"sell"
1466373831,19981620,768.18,0.01639766,"buy"
1466373837,19981624,768.15,8.19,"sell"
1466373837,19981626,768.16,0.32,"sell"
1466373837,19981628,768.13,0.01,"sell"
1466373837,19981630,768.01,9.4194,"sell"
1466373837,19981632,768.02,20,"sell"
1466373837,19981634,768.03,8.084,"sell"
1466373837,19981636,768,3.4,"sell"
1466373837,19981638,768.13,15,"sell"
1466373849,19981642,767.63,0.1,"sell"
1466373874,19981652,767.4,0.1,"sell"
1466373874,19981654,767.5,0.321,"sell"
1466373874,19981656,767.33,0.579,"sell"
1466373877,19981658,767.75,0.0171,"buy"
1466373882,19981660,767.1,0.01,"sell"
1466373950,19981680,767,0.0354,"sell"
1466373950,19981682,766.8,0.0646,"sell"
1466373976,19981684,766.97,0.06009804,"buy"
1466373998,19981688,766.79,6,"sell"
1466374008,19981694,766.86,0.01009722,"buy"
1466374027,19981696,766.46,0.07720801,"sell"
1466374042,19981698,766.46,0.18,"sell"
1466374048,19981700,766.46,0.18,"sell"
1466374049,19981702,766.46,0.18,"buy"
1466374053,19981704,766.46,0.18,"buy"
1466374055,19981706,766.45,0.18,"buy"
1466374061,19981708,766.44,0.18,"buy"
1466374068,19981710,766.43,0.18,"buy"
1466374070,19981712,766.43,0.18,"buy"
1466374095,19981716,766.4,1.28713597,"sell"
1466374095,19981718,766.4,0.938,"sell"
1466374096,19981720,766.4,0.848,"sell"
1466374096,19981722,766.4,0.02574708,"sell"
1466374116,19981724,766.41,0.60654005,"buy"
1466374116,19981726,766.43,3.17155995,"buy"
1466374116,19981728,766.41,13.0765,"buy"
1466374118,19981730,766.42,0.40699993,"buy"
1466374118,19981732,766.43,15.82844005,"buy"
1466374122,19981734,767.06,0.02333617,"buy"
1466374123,19981740,767.05,0.01469274,"buy"
1466374126,19981742,766.85,0.02,"sell"
1466374138,19981778,767.05,0.01391866,"buy"
1466374140,19981780,767.05,0.01144631,"buy"
1466374147,19981790,767.1,0.02762344,"buy"
1466374149,19981796,767.1,0.02390882,"buy"
1466374151,19981798,767.1,0.01773575,"buy"
1466374154,19981810,767.1,0.0102143,"buy"
1466374158,19981818,767.1,9.92051769,"buy"
1466374161,19981822,767.1,1,"buy"
1466374167,19981824,767.93,0.06153983,"sell"
1466374172,19981826,767.93,0.27507344,"sell"
1466374208,19981848,768.21,1.82990722,"buy"
1466374211,19981852,768.39,1.3462,"buy"
1466374215,19981856,768.49,0.029,"sell"
1466374217,19981858,768.87,0.7,"buy"
1466374217,19981860,768.7,0.3,"buy"
1466374220,19981862,768.88,2.3812,"buy"
1466374226,19981864,768.98,7.39549292,"buy"
1466374226,19981866,768.97,0.603,"buy"
1466374226,19981868,768.97,0.546,"buy"
1466374226,19981870,768.88,1.45550708,"buy"
1466374231,19981872,768.9,5,"buy"
1466374233,19981874,768.9,0.03459315,"buy"
1466374233,19981876,768.9,14.96540685,"buy"
1466374233,19981878,768.98,1,"buy"
1466374242,19981880,768.98,1.60450708,"buy"
1466374242,19981882,769,5,"buy"
1466374242,19981884,769.38,5,"buy"
1466374248,19981886,769.55,0.02,"buy"
1466374252,19981888,769.55,0.01,"buy"
1466374264,19981892,769.55,0.03599,"buy"
1466374265,19981894,769.57,6.4773,"buy"
1466374265,19981896,769.56,0.04,"buy"
1466374265,19981898,769.7,37.44869,"buy"
1466374265,19981900,769.69,0.1,"buy"
1466374265,19981902,769.55,3.93401,"buy"
1466374265,19981904,769.58,2,"buy"
1466374286,19981910,769.69,0.19577782,"sell"
1466374332,19981916,769.7,10,"buy"
1466374336,19981918,769.7,0.2712,"buy"
1466374339,19981920,769.69,1.72233181,"sell"
1466374339,19981922,769.69,4.27766819,"sell"
1466374346,19981926,769.7,6.4599,"buy"
1466374346,19981928,769.7,56.98940529,"buy"
1466374346,19981930,769.7,0.01,"buy"
1466374346,19981932,769.7,0.03,"buy"
1466374358,19981934,769.79,0.5,"buy"
1466374358,19981936,769.8,2.5,"buy"
1466374369,19981966,769.69,0.041871,"sell"
1466374369,19981968,769.7,0.01,"sell"
1466374369,19981970,769.71,0.32,"sell"
1466374393,19982002,769.79,0.5,"buy"
1466374393,19982004,769.79,3,"buy"
1466374393,19982010,769.79,8.5,"buy"
1466374393,19982012,769.71,6.201907,"sell"
1466374393,19982014,769.72,0.417,"sell"
1466374395,19982034,769.26,2.83061,"sell"
1466374395,19982036,769.71,3.798093,"sell"
1466374396,19982048,769.09,0.4,"sell"
1466374396,19982052,769.01,1.531662,"sell"
1466374396,19982054,769.21,0.32,"sell"
1466374400,19982088,768.77,4.28438807,"sell"
1466374401,19982096,768.63,0.56177,"sell"
1466374402,19982100,768.63,0.13331933,"sell"
1466374402,19982102,768.63,3.57190935,"sell"
1466374402,19982104,768.63,0.01738948,"sell"
1466374402,19982120,768.52,0.01738948,"sell"
1466374402,19982122,768.52,0.0173897,"sell"
1466374402,19982124,768.52,0.13331933,"sell"
1466374406,19982154,768.53,0.02997312,"sell"
1466374407,19982168,768.53,0.01274807,"sell"
1466374407,19982170,768.53,0.01772031,"sell"
1466374407,19982174,768.53,0.02031619,"sell"
1466374407,19982176,768.53,0.02031619,"sell"
1466374408,19982186,768.53,0.01274791,"sell"
1466374409,19982196,768.53,0.01556573,"sell"
1466374410,19982224,768.54,0.01277305,"sell"
1466374410,19982226,768.54,0.01274791,"sell"
1466374410,19982232,768.54,0.01556573,"sell"
1466374412,19982270,768.32,0.31201808,"sell"
1466374413,19982314,768.4,0.01277305,"buy"
1466374413,19982322,768.53,0.01275006,"sell"
1466374414,19982362,768.53,0.01277305,"sell"
1466374415,19982380,768.53,0.01277305,"sell"
1466374415,19982392,768.53,0.01275006,"sell"
1466374416,19982442,768.53,0.02026234,"sell"
1466374418,19982470,768.53,0.02026234,"sell"
1466374418,19982472,768.53,0.02026234,"sell"
1466374419,19982476,768.53,0.02026234,"sell"
1466374423,19982500,768.15,0.01315909,"sell"
1466374431,19982534,768.34,0.02190296,"sell"
1466374431,19982536,768.34,0.02135501,"sell"
1466374431,19982538,768.34,0.02035827,"sell"
1466374432,19982548,768.34,0.02035827,"sell"
1466374432,19982550,768.34,0.02135501,"sell"
1466374432,19982554,768.34,0.01233417,"sell"
1466374432,19982558,768.34,0.02139351,"sell"
1466374443,19982592,767.79,0.5,"sell"
1466374443,19982594,767.88,0.01,"sell"
1466374443,19982596,767.78,0.073,"sell"
1466374443,19982598,767.84,0.417,"sell"
1466374447,19982604,767.77,1,"sell"
1466374483,19982658,768.02,0.11653,"buy"
1466374488,19982660,768.11,0.076366,"sell"
1466374514,19982664,768.13,0.01721225,"sell"
1466374514,19982666,768.13,0.01721225,"sell"
1466374514,19982668,768.13,0.01083734,"sell"
1466374518,19982670,768.17,0.05556457,"buy"
1466374518,19982672,768.17,6.4896,"buy"
1466374532,19982678,768.54,0.179916,"buy"
1466374532,19982680,768.48,0.010042,"buy"
1466374532,19982682,768.44,0.010042,"buy"
1466374540,19982684,768.26,0.118482,"sell"
1466374581,19982686,768.68,0.1,"buy"
1466374582,19982688,768.68,0.1,"buy"
1466374587,19982690,768.7,0.51247881,"buy"
1466374587,19982692,768.92,6.4741,"buy"
1466374587,19982694,768.91,4.28084737,"buy"
1466374587,19982696,768.91,2.361095,"buy"
1466374594,19982700,769.21,0.4,"buy"
1466374594,19982702,769.21,0.32,"buy"
1466374594,19982704,769.8,0.87155402,"buy"
1466374600,19982706,769.57,0.5,"buy"
1466374600,19982708,769.56,3.66519,"buy"
1466374600,19982710,769.8,1.24726831,"buy"
1466374600,19982712,769.63,0.02,"buy"
1466374600,19982714,769.8,1.01844598,"buy"
1466374602,19982716,769.89,0.122,"buy"
1466374602,19982718,769.89,0.25,"buy"
1466374602,19982720,769.55,1.128,"buy"
1466374607,19982722,769.89,1.75,"buy"
1466374607,19982724,769.79,1.128,"buy"
1466374612,19982728,769.8,1,"buy"
1466374612,19982730,769.89,0.128,"buy"
1466374617,19982732,769.9,1,"buy"
1466374617,19982734,769.88,0.4086731,"sell"
1466374617,19982740,769.88,0.02745814,"sell"
1466374619,19982742,769.88,0.02745814,"sell"
1466374620,19982748,769.88,0.05,"sell"
1466374622,19982750,769.99,1.28,"buy"
1466374622,19982752,770,1,"buy"
1466374622,19982754,770,0.01,"buy"
1466374622,19982756,770,0.01343989,"buy"
1466374622,19982758,770,1,"buy"
1466374622,19982760,770,0.04472925,"buy"
1466374622,19982762,770,0.05,"buy"
1466374625,19982764,770.61,0.03,"buy"
1466374625,19982766,770.61,4.96,"buy"
1466374625,19982768,771,0.25,"buy"
1466374625,19982770,771,1,"buy"
1466374625,19982772,770.8,0.5,"buy"
1466374625,19982774,770.99,1.1724,"buy"
1466374625,19982776,769.99,0.24542976,"sell"
1466374625,19982778,770.89,2,"buy"
1466374625,19982780,771,1,"buy"
1466374625,19982782,771,0.01,"buy"
1466374625,19982784,771,0.9276,"buy"
1466374625,19982786,770.81,0.08,"buy"
1466374625,19982788,771,0.1,"buy"
1466374625,19982790,771.01,0.01,"buy"
1466374625,19982792,771.1,0.0176,"buy"
1466374625,19982794,771,0.9724,"buy"
1466374625,19982796,771,0.1,"buy"
1466374629,19982798,771.89,9.7515,"buy"
1466374629,19982800,771.1,1.4479,"buy"
1466374629,19982802,771.79,0.06025766,"buy"
1466374629,19982804,771.87,0.417,"buy"
1466374629,19982806,771.5,0.01477626,"buy"
1466374629,19982808,772,0.68052362,"buy"
1466374629,19982810,772,0.01,"buy"
1466374629,19982812,772,0.07,"buy"
1466374629,19982814,772,5,"buy"
1466374629,19982816,771.89,2.61392746,"buy"
1466374629,19982818,771.89,2,"buy"
1466374629,19982820,771.9,0.713749,"buy"
1466374629,19982822,772,0.05,"buy"
1466374629,19982824,772.11,0.391,"buy"
1466374629,19982826,772.12,1.375366,"buy"
1466374629,19982828,772.1,0.05,"buy"
1466374629,19982830,772.11,0.354,"buy"
1466374635,19982832,771.76,0.075,"buy"
1466374635,19982834,771.77,1.7587,"buy"
1466374652,19982860,772.14,0.42,"buy"
1466374652,19982862,772.16,8.6111,"buy"
1466374652,19982864,772.19,10.6262,"buy"
1466374652,19982866,772.17,2.44,"buy"
1466374652,19982868,772.16,0.253,"buy"
1466374652,19982870,772.16,0.229,"buy"
1466374652,19982872,772.16,0.26138706,"buy"
1466374661,19982876,770.88,5,"sell"
1466374678,19982878,770.96,0.15,"sell"
1466374678,19982880,770.96,0.10798,"sell"
1466374685,19982882,770.95,0.12850907,"sell"
1466374692,19982884,770.97,0.019959,"buy"
1466374692,19982886,770.99,0.5,"buy"
1466374692,19982888,771,0.01,"buy"
1466374692,19982890,771,1,"buy"
1466374713,19982908,771.07,0.07959597,"sell"
1466374732,19982912,771.04,6.4579,"sell"
1466374732,19982914,771.01,3.5421,"sell"
1466374741,19982916,771.31,0.5,"buy"
1466374741,19982918,771.1,0.18499,"buy"
1466374741,19982920,771.31,0.31501,"buy"
1466374742,19982922,771.01,0.17,"sell"
1466374752,19982924,771.01,0.01,"sell"
1466374763,19982926,771.02,0.01,"sell"
1466374776,19982928,771.03,0.5,"sell"
1466374777,19982930,771.04,1,"sell"
1466374779,19982932,771.03,0.03248998,"sell"
1466374780,19982934,771.03,0.06255276,"sell"
1466374812,19982940,771.44,0.1,"sell"
1466374820,19982942,771.63,0.11194674,"sell"
1466374821,19982948,771.7,1,"buy"
1466374821,19982950,771.71,0.17,"buy"
1466374821,19982952,771.78,0.83,"buy"
1466374823,19982954,771.52,0.25831782,"sell"
1466374825,19982956,771.64,0.05654512,"sell"
1466374840,19982960,771.7,5,"sell"
1466374851,19982964,771.91,0.05,"buy"
1466374863,19982966,771.7,0.07,"sell"
1466374863,19982968,771.92,0.2,"buy"
1466374863,19982970,771.97,3.2582,"buy"
1466374863,19982972,771.97,11.5418,"buy"
1466374869,19982974,772,20,"buy"
1466374869,19982976,771.99,0.15,"buy"
1466374869,19982978,771.99,0.165,"buy"
1466374869,19982980,771.98,0.8918,"buy"
1466374869,19982982,772,3.7932,"buy"
1466374872,19982984,771.72,0.012789,"sell"
1466374872,19982986,771.72,0.25859999,"sell"
1466374875,19982988,771.73,0.01821,"sell"
1466374883,19982992,771.75,0.49989999,"sell"
1466374887,19982994,771.75,0.00010001,"sell"
1466374887,19982996,771.75,0.1978985,"sell"
1466374905,19983002,771.77,0.5,"sell"
1466374905,19983004,771.76,0.1727,"sell"
1466374923,19983006,771.7,0.29514077,"sell"
1466374927,19983008,771.7,0.466,"sell"
1466374928,19983010,771.7,1.54271167,"sell"
1466374928,19983012,771.7,0.19989999,"sell"
1466374942,19983016,771.7,0.88288011,"sell"
1466374954,19983018,771.71,0.5,"sell"
1466374954,19983020,771.7,0.482,"sell"
1466374959,19983042,771.78,0.01,"buy"
1466374961,19983044,771.76,0.01,"buy"
1466374964,19983046,771.7,0.1,"sell"
1466374966,19983048,771.75,6,"buy"
1466374966,19983050,771.7,1,"sell"
1466374974,19983052,771.7,0.2,"sell"
1466374986,19983054,771.7,0.10126745,"sell"
1466374988,19983056,771.71,9.45127,"buy"
1466374988,19983058,771.71,0.54873,"buy"
1466374990,19983060,771.7,0.00010001,"sell"
1466374990,19983062,771.7,0.00989999,"sell"
1466375000,19983066,771.7,8.92971,"sell"
1466375002,19983068,771.7,8.92971,"sell"
1466375009,19983070,771.7,0.26063973,"sell"
1466375016,19983080,771.7,2.35,"sell"
1466375046,19983084,771.05,0.06508738,"sell"
1466375050,19983088,771.05,0.2538757,"sell"
1466375054,19983094,771.05,0.057637,"sell"
1466375058,19983096,771.05,0.02,"sell"
1466375062,19983162,771.05,0.03487021,"sell"
1466375062,19983166,771.05,0.508687,"sell"
1466375062,19983174,771.05,0.02201649,"sell"
1466375063,19983184,771.05,0.02680743,"sell"
1466375065,19983188,771.05,0.01233208,"sell"
1466375065,19983190,771.05,0.0250071,"sell"
1466375066,19983194,771.04,0.01759876,"sell"
1466375067,19983198,771.04,0.02458308,"sell"
1466375068,19983212,771.04,0.02376691,"sell"
1466375069,19983226,771.01,0.022727,"sell"
1466375070,19983234,771.01,0.01193277,"sell"
1466375073,19983248,771.01,0.04488574,"sell"
1466375073,19983250,771.01,0.02545948,"sell"
1466375073,19983258,771.01,0.03232199,"sell"
1466375073,19983272,771.01,0.03936023,"sell"
1466375074,19983276,771.01,0.0323,"sell"
1466375074,19983278,771.01,2.9,"sell"
1466375074,19983284,771.01,0.03835616,"sell"
1466375074,19983286,771.01,0.04243045,"sell"
1466375075,19983290,771.01,0.08244278,"sell"
1466375075,19983296,771.01,0.0107534,"sell"
1466375076,19983300,771.01,0.03531426,"sell"
1466375076,19983312,771.01,0.03232199,"sell"
1466375077,19983316,771.01,0.02335425,"sell"
1466375077,19983318,771.01,0.05518382,"sell"
1466375078,19983326,771.01,0.0211917,"sell"
1466375078,19983330,771.01,0.01706659,"sell"
1466375080,19983336,771.01,0.37357,"sell"
1466375082,19983340,771.01,0.0211917,"sell"
1466375083,19983344,771.01,0.01706659,"sell"
1466375084,19983346,771.01,0.03232199,"sell"
1466375085,19983348,771.01,0.02343581,"sell"
1466375086,19983350,771.01,0.01117654,"sell"
1466375086,19983354,771.01,0.01475588,"sell"
1466375087,19983358,771.01,0.02347807,"sell"
1466375087,19983364,771.01,0.02183678,"sell"
1466375089,19983374,771.01,0.0143784,"sell"
1466375091,19983376,771.01,0.01325165,"sell"
1466375092,19983384,771.01,0.01440432,"sell"
1466375093,19983386,771.01,0.01367254,"sell"
1466375094,19983390,771.02,2.9,"buy"
1466375095,19983396,771.01,0.01368338,"sell"
1466375095,19983398,771.02,1.5547,"buy"
1466375096,19983404,771.01,0.01368509,"sell"
1466375098,19983414,771.01,0.01368679,"sell"
1466375099,19983420,771.01,0.01367809,"sell"
1466375099,19983424,771.01,0.01371147,"sell"
1466375101,19983426,771.01,0.01368472,"sell"
1466375103,19983434,771.01,0.01369556,"sell"
1466375105,19983440,771.01,0.01372025,"sell"
1466375106,19983444,771.01,0.01368983,"sell"
1466375109,19983452,771.01,0.01369153,"sell"
1466375110,19983542,771.01,0.02059791,"sell"
1466375111,19983548,771.01,0.05428677,"sell"
1466375112,19983594,771.01,0.01016838,"sell"
1466375112,19983600,771.01,0.46401835,"sell"
1466375112,19983608,770.12,3,"sell"
1466375112,19983612,769.77,0.081222,"sell"
1466375112,19983614,771,2,"sell"
1466375114,19983658,769.78,0.43364399,"sell"
1466375114,19983660,769.78,0.05656226,"sell"
1466375117,19983716,769.48,0.1,"sell"
1466375118,19983766,769.48,0.1501497,"sell"
1466375118,19983772,769.48,0.1,"sell"
1466375118,19983794,769.48,0.05656226,"sell"
1466375119,19983810,769.48,0.03681496,"sell"
1466375119,19983812,769.48,0.43364399,"sell"
1466375122,19983902,769.7,0.05656226,"sell"
1466375123,19983920,769.7,0.05656226,"sell"
1466375124,19983954,769.43,0.05656226,"sell"
1466375125,19983972,769.46,0.05656226,"sell"
1466375125,19983978,769.46,0.05656226,"sell"
1466375125,19983982,769.46,0.03681496,"sell"
1466375126,19983998,769.46,0.03681496,"sell"
1466375127,19984008,769.46,0.03681496,"sell"
1466375128,19984026,769.43,1,"sell"
1466375131,19984056,769.43,0.21393312,"sell"
1466375132,19984064,769.43,0.05656226,"sell"
1466375133,19984070,769.43,0.02755763,"sell"
1466375133,19984078,769.43,1.3,"sell"
1466375133,19984080,769.43,0.03681496,"sell"
1466375134,19984084,769.43,0.03335772,"sell"
1466375135,19984090,769.43,0.02129114,"sell"
1466375136,19984098,769.43,0.02594038,"sell"
1466375137,19984102,769.43,0.02447264,"sell"
1466375137,19984110,769.43,0.0156754,"sell"
1466375139,19984128,769.43,0.02070352,"sell"
1466375140,19984140,769.44,0.02070352,"sell"
1466375140,19984148,769.44,0.0207095,"sell"
1466375140,19984154,769.44,0.02070352,"sell"
1466375142,19984180,769.44,0.02763524,"sell"
1466375142,19984184,769.44,0.0207095,"sell"
1466375143,19984196,769.44,0.02939069,"sell"
1466375152,19984208,769.65,0.66615809,"buy"
1466375190,19984216,769.63,0.1,"buy"
1466375200,19984230,769.63,0.0718,"buy"
1466375200,19984232,769.63,9.38689,"buy"
1466375200,19984234,769.63,0.51,"buy"
1466375218,19984256,769.64,0.032798,"sell"
1466375234,19984306,769.66,0.5,"sell"
1466375234,19984310,769.65,3,"sell"
1466375234,19984314,769.64,2.517452,"sell"
1466375234,19984316,769.64,0.57144491,"sell"
1466375234,19984318,769.64,0.0661663,"sell"
1466375235,19984328,769.66,0.05797772,"sell"
1466375235,19984338,769.66,0.44202228,"sell"
1466375236,19984344,769.65,2.5174521,"sell"
1466375236,19984348,769.65,0.4825479,"sell"
1466375236,19984350,769.64,0.573307,"sell"
1466375236,19984362,769.64,4.73772979,"sell"
1466375236,19984366,769.62,0.72607621,"sell"
1466375237,19984388,769.63,2.517452,"sell"
1466375237,19984390,769.63,0.057978,"sell"
1466375238,19984394,769.63,0.859911,"sell"
1466375238,19984402,769.63,0.85991091,"sell"
1466375238,19984406,769.63,0.108965,"sell"
1466375239,19984412,769.63,0.02096871,"sell"
1466375239,19984418,769.63,0.05099024,"sell"
1466375239,19984420,769.63,0.05694649,"sell"
1466375239,19984424,769.63,0.02149745,"sell"
1466375239,19984426,769.63,0.02096871,"sell"
1466375240,19984438,769.63,0.01388106,"sell"
1466375240,19984448,769.63,4.50903043,"sell"
1466375241,19984466,769.62,0.0990907,"sell"
1466375241,19984468,769.62,0.02149745,"sell"
1466375241,19984470,769.62,0.05694649,"sell"
1466375242,19984474,769.62,0.01292488,"sell"
1466375242,19984492,769.62,0.05099024,"sell"
1466375242,19984502,769.62,0.0729473,"sell"
1466375242,19984506,769.62,0.03105101,"sell"
1466375242,19984508,769.62,0.05099024,"sell"
1466375243,19984510,769.62,0.01310256,"sell"
1466375243,19984512,769.62,0.02096871,"sell"
1466375243,19984514,769.62,0.05099024,"sell"
1466375243,19984516,769.62,0.01292488,"sell"
1466375244,19984538,769.62,0.1330025,"sell"
1466375244,19984540,769.62,0.03105101,"sell"
1466375244,19984554,769.62,0.01137055,"sell"
1466375244,19984558,769.62,0.0729473,"sell"
1466375244,19984562,769.62,0.03020487,"sell"
1466375244,19984570,769.62,0.01371462,"sell"
1466375245,19984578,769.62,0.29471868,"sell"
1466375245,19984586,769.63,0.319,"buy"
1466375246,19984594,769.62,0.09831365,"sell"
1466375246,19984596,769.62,0.01282351,"sell"
1466375247,19984612,769.62,0.01291876,"sell"
1466375247,19984622,769.62,0.03217073,"sell"
1466375247,19984624,769.62,0.2466423,"sell"
1466375248,19984648,769.62,1.28057928,"sell"
1466375248,19984652,769.63,4.19003033,"buy"
1466375248,19984656,769.63,4.71996967,"buy"
1466375248,19984660,769.62,0.03844157,"sell"
1466375248,19984664,769.62,0.02374805,"sell"
1466375248,19984666,769.62,0.06328532,"sell"
1466375248,19984670,769.62,0.1343628,"sell"
1466375248,19984682,769.62,0.04590566,"sell"
1466375249,19984698,769.62,0.7208662,"sell"
1466375249,19984706,769.62,0.29402825,"sell"
1466375249,19984710,769.62,0.04590566,"sell"
1466375249,19984720,769.62,0.03835151,"sell"
1466375250,19984728,769.62,0.01388765,"sell"
1466375251,19984734,769.62,7.62240626,"sell"
1466375252,19984768,769.61,0.04500755,"sell"
1466375252,19984770,769.61,0.34505787,"sell"
1466375253,19984778,769.61,0.02332424,"sell"
1466375253,19984780,769.61,0.0319248,"sell"
1466375253,19984788,769.61,0.25507958,"sell"
1466375253,19984790,769.61,0.03327125,"sell"
1466375254,19984792,769.61,0.23214468,"sell"
1466375254,19984798,769.61,0.03027974,"sell"
1466375255,19984814,769.61,0.04042482,"sell"
1466375255,19984820,769.61,0.34942984,"sell"
1466375256,19984834,769.61,0.15957191,"sell"
1466375256,19984848,769.61,0.02081372,"sell"
1466375258,19984852,769.61,0.0441993,"sell"
1466375258,19984860,769.61,0.17107348,"sell"
1466375258,19984862,769.61,0.02231393,"sell"
1466375259,19984874,769.61,0.03970371,"sell"
1466375259,19984878,769.61,0.30439513,"sell"
1466375261,19984890,769.61,0.30957387,"sell"
1466375262,19984900,769.61,0.04658727,"sell"
1466375262,19984902,769.61,0.35716909,"sell"
1466375263,19984918,769.61,1.78843701,"sell"
1466375263,19984922,769.61,4.27474752,"sell"
1466375263,19984924,769.61,1.41324947,"sell"
1466375263,19984928,769.61,0.34639889,"sell"
1466375263,19984934,769.61,0.04518246,"sell"
1466375263,19984942,769.61,0.04658726,"sell"
1466375263,19984944,769.61,0.68764225,"sell"
1466375264,19984958,769.61,1.36049965,"sell"
1466375264,19984960,769.46,0.03607749,"sell"
1466375265,19984964,769.46,0.2765941,"sell"
1466375265,19984966,769.46,0.01810261,"sell"
1466375265,19984970,769.46,0.03379482,"sell"
1466375265,19984984,769.46,0.36037136,"sell"
1466375265,19984986,769.46,0.04700496,"sell"
1466375267,19984998,769.46,0.35480013,"sell"
1466375267,19985004,769.46,0.04627827,"sell"
1466375267,19985014,769.46,0.2765941,"sell"
1466375268,19985018,769.46,0.2765941,"sell"
1466375269,19985040,769.46,0.04627827,"sell"
1466375270,19985048,769.58,0.319,"buy"
1466375270,19985058,769.46,0.02600801,"sell"
1466375272,19985080,769.46,0.02600801,"sell"
1466375272,19985082,769.46,0.03322186,"sell"
1466375272,19985086,769.46,0.25470098,"sell"
1466375273,19985092,769.46,0.04058716,"sell"
1466375274,19985098,769.46,0.03362432,"sell"
1466375274,19985100,769.46,0.25778649,"sell"
1466375275,19985134,769.47,0.10035247,"sell"
1466375276,19985136,769.47,0.2803137,"sell"
1466375276,19985140,769.47,0.03533383,"sell"
1466375276,19985142,769.46,1.68973352,"sell"
1466375276,19985144,769.46,0.12423069,"sell"
1466375276,19985148,769.46,3.11782327,"sell"
1466375276,19985150,769.46,0.016204,"sell"
1466375276,19985154,769.46,0.04149749,"sell"
1466375277,19985162,769.46,0.10735958,"sell"
1466375278,19985168,769.39,0.03533383,"sell"
1466375278,19985170,769.39,0.35480013,"sell"
1466375278,19985172,769.39,0.01917161,"sell"
1466375279,19985178,769.39,0.04424696,"sell"
1466375279,19985180,769.39,0.01317179,"sell"
1466375283,19985184,769.39,0.01038985,"sell"
1466375283,19985186,769.39,0.01308945,"sell"
1466375283,19985188,769.39,0.01308945,"sell"
1466375283,19985190,769.39,0.415,"sell"
1466375285,19985216,769.39,0.16962412,"sell"
1466375286,19985218,769.39,0.25,"sell"
1466375313,19985226,769.26,4.275636,"sell"
1466375313,19985228,769.13,3.62319603,"sell"
1466375313,19985230,769.22,0.416,"sell"
1466375313,19985232,769.4,4.275636,"sell"
1466375320,19985234,769.4,0.36623868,"sell"
1466375323,19985236,769.4,6.4539,"buy"
1466375323,19985238,769.4,1.1781,"buy"
1466375336,19985240,769.36,0.9054,"buy"
1466375336,19985242,768.49,0.1,"sell"
1466375336,19985244,768.49,0.1,"sell"
1466375336,19985246,768.49,1.5,"sell"
1466375343,19985250,769.31,0.05,"buy"
1466375349,19985254,768.49,0.32,"sell"
1466375349,19985256,768,0.0818,"sell"
1466375349,19985258,768.48,0.416,"sell"
1466375349,19985260,768,0.1822,"sell"
1466375351,19985262,767.85,0.1,"sell"
1466375354,19985264,769.18,6,"buy"
1466375354,19985266,769.18,2.3588,"buy"
1466375355,19985268,767.85,2.22,"sell"
1466375359,19985270,767.63,0.2,"sell"
1466375380,19985282,767.64,0.5,"sell"
1466375380,19985284,767.48,0.65183899,"sell"
1466375380,19985286,767.63,0.71788992,"sell"
1466375380,19985288,767.63,0.13027109,"sell"
1466375382,19985290,767.64,0.2390714,"sell"
1466375396,19985302,767.94,0.02414369,"sell"
1466375398,19985308,767.57,0.02414369,"sell"
1466375399,19985310,767.57,0.01737958,"sell"
1466375415,19985316,767.9,1.19991122,"sell"
1466375420,19985318,767.9,0.13019463,"sell"
1466375421,19985320,767.9,9.31079415,"sell"
1466375421,19985322,767.53,3.18920585,"sell"
1466375452,19985328,767.21,0.1,"sell"
1466375469,19985334,767.23,1.5,"sell"
1466375476,19985352,767.54,4.99694213,"sell"
1466375516,19985410,767.8,2.11052259,"buy"
1466375516,19985412,767.77,1.40107741,"buy"
1466375516,19985414,767.79,6.4884,"buy"
1466375553,19985426,767.56,0.32,"buy"
1466375560,19985428,767.56,9.1353,"buy"
1466375575,19985432,767.65,0.09,"buy"
1466375575,19985434,767.64,9.09325,"buy"
1466375575,19985436,767.64,11.473,"buy"
1466375588,19985442,767.69,9.34129,"buy"
1466375588,19985444,767.7,0.21,"buy"
1466375588,19985446,767.72,0.01,"buy"
1466375592,19985448,767.77,5,"buy"
1466375628,19985478,767.77,4.39706,"buy"
1466375644,19985486,767.78,0.04,"buy"
1466375644,19985488,767.78,4.03757877,"sell"
1466375651,19985490,767.82,0.02,"buy"
1466375659,19985498,767.79,0.2,"sell"
1466375669,19985516,767.81,1.78329195,"sell"
1466375679,19985526,767.82,0.00043989,"buy"
1466375687,19985528,767.82,0.79252775,"buy"
1466375696,19985530,767.83,0.79228336,"buy"
1466375696,19985532,767.83,0.01,"buy"
1466375717,19985540,768.07,0.01,"buy"
1466375717,19985542,768,0.01,"buy"
1466375717,19985544,768.31,0.23,"buy"
1466375737,19985558,768.53,0.165311,"sell"
1466375760,19985582,768.56,0.09,"buy"
1466375784,19985590,769,0.33,"buy"
1466375784,19985592,769.06,1.67,"buy"
1466375788,19985594,769.06,3.23,"buy"
1466375788,19985596,769.11,0.01750752,"buy"
1466375804,19985600,769.19,0.01,"buy"
1466375823,19985602,769.35,0.06,"buy"
1466375853,19985614,769.61,0.39217307,"buy"
1466375853,19985616,769.61,0.02,"buy"
1466375853,19985618,769.62,0.35892693,"buy"
1466375854,19985620,769.62,1.65023,"buy"
1466375854,19985622,769.91,0.052973,"buy"
1466375854,19985624,769.97,5.02130119,"buy"
1466375854,19985626,769.9,0.288334,"buy"
1466375854,19985628,769.64,2.22027788,"buy"
1466375854,19985630,769.62,0.76688393,"buy"
1466375891,19985786,769.99,0.01165947,"sell"
1466375894,19985796,769.99,0.01167137,"sell"
1466375897,19985800,769.99,0.01284181,"sell"
1466375898,19985804,769.99,0.01032963,"sell"
1466375899,19985816,769.99,0.01672628,"sell"
1466375902,19985826,770.57,0.00440523,"buy"
1466375902,19985828,770,0.01,"buy"
1466375910,19985836,770.82,0.09440523,"buy"
1466375910,19985838,770.57,0.15559477,"buy"
1466375911,19985840,770.07,0.27790365,"sell"
1466375917,19985848,770.35,0.0515,"sell"
1466375922,19985854,770.37,0.0515,"sell"
1466375924,19985860,770.78,0.01850186,"buy"
1466375924,19985864,770.78,0.01108113,"buy"
1466375926,19985870,770.78,0.01077274,"buy"
1466375929,19985880,770.77,0.01466203,"buy"
1466375929,19985882,770.77,0.01268703,"buy"
1466375931,19985892,770.76,0.01545421,"buy"
1466375934,19985902,770.76,0.02118134,"buy"
1466375935,19985914,770.75,0.01167914,"buy"
1466375937,19985922,770.74,0.02682607,"buy"
1466375939,19985930,770.74,0.47317393,"buy"
1466375939,19985932,770.75,2.98832086,"buy"
1466375939,19985934,770.74,6.452,"buy"
1466375942,19985942,770.73,0.01074319,"buy"
1466375942,19985944,770.73,0.0178796,"buy"
1466375944,19985958,770.56,0.03726556,"buy"
1466375944,19985960,770.56,0.03232723,"buy"
1466375947,19985968,770.55,0.03232723,"buy"
1466375948,19985976,770.54,0.0170688,"buy"
1466375950,19985980,770.54,0.03726556,"buy"
1466375950,19985982,770.54,0.01679279,"buy"
1466375952,19985990,770.53,0.01522937,"buy"
1466375953,19985998,770.52,0.01629133,"buy"
1466375955,19986006,770.51,0.01116964,"buy"
1466375956,19986010,770.5,0.01629133,"buy"
1466375959,19986012,768.97,0.3,"sell"
1466375959,19986014,768.97,0.1,"sell"
1466375964,19986018,770.16,0.32,"buy"
1466375967,19986032,770.15,0.01263884,"buy"
1466375968,19986036,770.14,0.01935568,"buy"
1466375972,19986046,769.99,0.02118134,"sell"
1466375972,19986048,769.02,0.5,"sell"
1466375972,19986050,769.02,3,"sell"
1466375972,19986052,769.02,0.38868326,"sell"
1466375975,19986062,770.13,0.01303063,"buy"
1466375976,19986064,770.13,0.02124073,"buy"
1466375986,19986070,769.26,0.5,"sell"
1466375986,19986072,769.26,0.271862,"sell"
1466375992,19986092,770.08,0.01330191,"buy"
1466375992,19986176,770.08,0.01455718,"buy"
1466375993,19986198,770.07,0.5,"buy"
1466375994,19986200,770.07,0.0185194,"buy"
1466375993,19986202,770.07,2.84250015,"buy"
1466375996,19986212,770.07,0.0185194,"buy"
1466376004,19986324,770.04,0.4140604,"buy"
1466376005,19986326,770.04,0.02264296,"buy"
1466376006,19986332,770.04,0.01919623,"buy"
1466376007,19986334,770.04,0.02065563,"buy"
1466376007,19986338,769.28,0.06509901,"sell"
1466376011,19986346,770.02,0.02385338,"buy"
1466376012,19986352,770.02,0.0117129,"buy"
1466376016,19986392,770,0.01161834,"buy"
1466376016,19986394,770.01,1.51161834,"buy"
1466376016,19986398,770,0.48838166,"buy"
1466376016,19986400,770,1,"buy"
1466376016,19986404,770.01,1.48838166,"buy"
1466376016,19986408,770.03,2.60794238,"buy"
1466376020,19986420,770,0.02385338,"buy"
1466376026,19986482,770,0.14435495,"sell"
1466376027,19986492,769.98,0.13194785,"buy"
1466376028,19986500,769.98,0.4912817,"buy"
1466376028,19986502,769.98,0.01169999,"buy"
1466376033,19986552,769.39,0.24327288,"sell"
1466376033,19986554,769.4,0.03058071,"sell"
1466376034,19986560,769.98,0.13391144,"buy"
1466376035,19986574,769.84,0.01167627,"buy"
1466376036,19986582,769.39,0.21725849,"sell"
1466376038,19986598,769.84,0.13391144,"buy"
1466376040,19986622,769.84,0.1430789,"buy"
1466376057,19986654,770,6.4687,"sell"
1466376069,19986660,770.01,0.04297707,"sell"
1466376080,19986670,770.18,0.32,"buy"
1466376087,19986694,770.06,0.03069144,"sell"
1466376115,19986730,770.06,1.76930856,"sell"
1466376115,19986732,770,1.60569144,"sell"
1466376126,19986736,770.09,0.03337262,"buy"
1466376127,19986738,770.15,2.58384065,"sell"
1466376129,19986740,770,2.53,"sell"
1466376136,19986752,770,0.0515,"sell"
1466376139,19986754,770,0.0515,"sell"
1466376144,19986758,770,0.0515,"sell"
1466376146,19986760,770.01,0.0515,"sell"
1466376151,19986762,770.01,0.0515,"sell"
1466376154,19986764,770,0.0515,"sell"
1466376158,19986774,770,0.0515,"sell"
1466376164,19986780,770,0.0515,"sell"
1466376167,19986782,770.01,0.0515,"sell"
1466376171,19986790,770.01,0.0515,"sell"
1466376175,19986794,770.01,0.0515,"sell"
1466376178,19986796,770.01,0.0515,"sell"
1466376215,19986870,770.04,0.01166999,"buy"
1466376220,19986882,770.01,0.03903911,"sell"
1466376223,19986888,770.04,0.053,"buy"
1466376248,19986924,770,0.05154528,"sell"
1466376254,19986926,770.05,0.01,"buy"
1466376258,19986930,770,2,"sell"
1466376273,19986938,770.06,0.0928,"buy"
1466376275,19986948,770,0.1,"sell"
1466376275,19986950,770,0.03946863,"sell"
1466376275,19986952,770,12.03506328,"sell"
1466376299,19987084,769.42,0.1097,"buy"
1466376305,19987118,769.18,0.01901312,"buy"
1466376306,19987134,769.17,0.01275386,"buy"
1466376306,19987136,769.18,8.09743449,"buy"
1466376306,19987164,769.17,1.69828076,"buy"
1466376307,19987174,769.17,0.38812829,"buy"
1466376307,19987178,769.17,1.28896538,"buy"
1466376307,19987186,769.17,0.11187171,"buy"
1466376310,19987200,769.16,0.01901312,"buy"
1466376337,19987218,769.1,0.08,"buy"
1466376370,19987222,768.91,0.0364365,"sell"
1466376376,19987224,768.94,0.01374652,"sell"
1466376407,19987250,768.97,0.32697686,"buy"
1466376414,19987252,769.07,0.75496089,"buy"
1466376440,19987264,769.01,0.2491008,"sell"
1466376440,19987266,769.01,0.00048107,"sell"
1466376444,19987268,769.02,0.14531313,"buy"
1466376491,19987298,769.01,0.416,"sell"
1466376491,19987300,769,0.9,"sell"
1466376491,19987302,768.97,0.05,"sell"
1466376491,19987304,768.86,2.20338004,"sell"
1466376491,19987306,768.97,0.08,"sell"
1466376492,19987308,768.85,0.326,"sell"
1466376512,19987340,768.85,0.28928184,"sell"
1466376532,19987366,768.94,0.06459328,"buy"
1466376532,19987368,768.94,0.02568042,"buy"
1466376536,19987380,768.85,0.2,"sell"
1466376537,19987384,768.93,0.06459328,"buy"
1466376541,19987396,768.93,0.43330458,"buy"
1466376543,19987418,768.93,0.08028982,"buy"
1466376543,19987426,768.93,0.01770069,"buy"
1466376548,19987440,768.91,0.27769399,"buy"
1466376548,19987444,768.91,0.06459412,"buy"
1466376549,19987450,768.91,0.22230601,"buy"
1466376549,19987466,768.92,0.06428113,"buy"
1466376549,19987474,768.92,1.44831651,"buy"
1466376549,19987476,768.85,0.18641816,"sell"
1466376549,19987478,768.85,1,"sell"
1466376552,19987482,768.85,0.36517184,"buy"
1466376562,19987492,768.45,0.3055,"sell"
1466376562,19987494,768.39,1.9802143,"sell"
1466376562,19987496,768.37,0.1,"sell"
1466376567,19987504,768.84,0.59176163,"buy"
1466376573,19987518,768.79,0.8068,"buy"
1466376576,19987532,768.77,0.59211046,"buy"
1466376580,19987540,768.37,0.13032503,"sell"
1466376580,19987546,768.74,0.25334877,"buy"
1466376585,19987570,768.73,2,"buy"
1466376591,19987580,768.69,0.0487,"buy"
1466376620,19987610,768.7,0.1,"buy"
1466376620,19987612,768.7,2.9,"buy"
1466376627,19987638,768.33,6.0007,"sell"
1466376627,19987640,768.36,0.01,"sell"
1466376627,19987642,768.35,0.05,"sell"
1466376655,19987650,768.72,0.25,"buy"
1466376757,19987688,768.54,0.128434,"sell"
1466376767,19987710,768.53,0.32,"buy"
1466376767,19987714,768.53,0.12624108,"buy"
1466376859,19987728,768.51,0.06431568,"sell"
1466376871,19987736,768.51,0.05568432,"sell"
1466376876,19987738,768.51,0.02480457,"buy"
1466376878,19987744,768.5,0.12,"sell"
1466376892,19987746,768.3,15.6109,"sell"
1466376896,19987748,768.3,6.3891,"sell"
1466376896,19987750,768.3,0.04,"sell"
1466376896,19987752,768.3,4.03751178,"sell"
1466376901,19987754,767.99,1.5,"sell"
1466376906,19987756,767.5,0.1,"sell"
1466376907,19987758,767.5,0.02915374,"sell"
1466376910,19987760,767.3,19.497,"sell"
1466376914,19987762,767.3,0.1,"sell"
1466376916,19987764,767.3,18.5429,"sell"
1466376918,19987766,767.3,0.8,"sell"
1466376918,19987768,767.3,21.8601,"sell"
1466376918,19987770,767,0.01,"sell"
1466376918,19987772,766.91,6,"sell"
1466376918,19987774,766.7,5,"sell"
1466376918,19987776,766.75,2,"sell"
1466376918,19987778,767.1,0.0294,"sell"
1466376918,19987780,767,0.25,"sell"
1466376921,19987782,766.93,0.2588707,"sell"
1466376921,19987784,767.06,0.5,"buy"
1466376921,19987786,767.06,2.15,"buy"
1466376921,19987788,767.06,6,"buy"
1466376926,19987790,766.16,9.6454,"buy"
1466376926,19987792,766.46,5.9546,"buy"
1466376926,19987794,766.45,0.5,"buy"
1466376928,19987796,765.63,0.0261896,"sell"
1466376928,19987798,766,0.1,"sell"
1466376928,19987800,766,0.01,"sell"
1466376928,19987802,766,0.1,"sell"
1466376928,19987804,765.26,0.01749228,"sell"
1466376928,19987806,766,0.9,"sell"
1466376928,19987808,765.67,0.01243945,"sell"
1466376928,19987810,765.1,0.1,"sell"
1466376928,19987812,765.15,0.14,"sell"
1466376928,19987814,765.1,0.1,"sell"
1466376928,19987816,765.1,0.1,"sell"
1466376928,19987818,765.1,0.29387867,"sell"
1466376931,19987820,765.1,0.1,"sell"
1466376934,19987822,765.1,0.58612133,"sell"
1466376936,19987824,765,0.1,"sell"
1466376936,19987830,764.24,0.37626259,"sell"
1466376936,19987832,765,0.8,"sell"
1466376936,19987834,764.51,0.26373741,"sell"
1466376936,19987836,764.5,0.05,"sell"
1466376936,19987838,765,0.01,"sell"
1466376936,19987840,765,0.2,"sell"
1466376936,19987844,765,0.2,"sell"
1466376936,19987846,764.4,1,"sell"
1466376936,19987848,765,0.25,"sell"
1466376938,19987852,764.54,0.1,"sell"
1466376941,19987854,764.24,3.25,"sell"
1466376949,19987858,764.55,0.02859,"sell"
1466376949,19987860,764.24,0.13141,"sell"
1466376950,19987862,764.83,0.2,"buy"
1466376951,19987864,764.55,0.02859,"sell"
1466376951,19987866,764.24,0.02,"sell"
1466376951,19987868,764.24,51.30232741,"sell"
1466376952,19987870,764.03,0.1,"sell"
1466376964,19987882,764.24,0.01,"buy"
1466376965,19987884,764.2,0.02,"sell"
1466376972,19987902,764.16,0.01303826,"sell"
1466376973,19987906,764.04,9.1802,"sell"
1466376973,19987908,764.03,0.36753826,"sell"
1466376973,19987910,764.16,10.24226174,"sell"
1466376973,19987912,764.04,0.21,"sell"
1466376977,19987914,764.23,4.29912346,"sell"
1466376977,19987916,764.23,9.0454,"sell"
1466376977,19987918,764.23,4.29912346,"sell"
1466376977,19987920,764.21,0.418,"sell"
1466376994,19987928,764.2,1,"buy"
1466377000,19987938,764.2,0.03,"buy"
1466377001,19987940,764.18,0.072774,"sell"
1466377002,19987942,764.2,5,"buy"
1466377006,19987946,764.2,3.24835308,"buy"
1466377006,19987948,764.2,18.17184692,"buy"
1466377009,19987950,764.2,21.2367,"buy"
1466377013,19987952,764.19,0.70333946,"sell"
1466377013,19987954,764.19,4.29666054,"sell"
1466377013,19987956,764.2,0.2504,"buy"
1466377016,19987960,764.2,19.90105308,"buy"
1466377016,19987962,764.21,0.88714692,"buy"
1466377023,19987966,764.21,5,"buy"
1466377026,19987970,764.21,14.53285308,"buy"
1466377027,19987976,764.2,0.06423864,"sell"
1466377049,19987982,765.33,0.28997803,"sell"
1466377054,19987996,765.78,0.11154828,"buy"
1466377054,19987998,765.79,0.30455172,"buy"
1466377071,19988016,765.79,0.03,"buy"
1466377072,19988018,765.79,0.9271903,"buy"
1466377072,19988020,765.78,0.0496097,"buy"
1466377074,19988030,765.77,0.07998634,"sell"
1466377073,19988032,765.77,0.041508,"sell"
1466377075,19988038,765.77,0.04144684,"sell"
1466377076,19988042,765.77,0.04144684,"sell"
1466377078,19988044,765.77,0.418,"sell"
1466377081,19988048,765.31,1.3469,"sell"
1466377081,19988050,765.56,0.322,"sell"
1466377081,19988052,765.33,0.0111,"sell"
1466377081,19988054,765.7,0.02,"sell"
1466377083,19988056,765.61,2.5,"buy"
1466377088,19988072,765.23,0.02205042,"buy"
1466377088,19988074,765.58,0.02794958,"buy"
1466377098,19988094,765.01,0.13830925,"sell"
1466377098,19988096,765.01,0.08751189,"sell"
1466377098,19988104,765.01,0.02754321,"sell"
1466377098,19988108,765.01,0.01141459,"sell"
1466377101,19988124,765.03,0.10596204,"sell"
1466377122,19988140,765.35,0.535319,"sell"
1466377124,19988148,765.35,0.09888253,"sell"
1466377126,19988150,765.36,0.01,"sell"
1466377137,19988156,765.55,0.24213859,"buy"
1466377137,19988158,765.5,0.18942254,"buy"
1466377137,19988160,765.57,3.56843887,"buy"
1466377142,19988180,765.99,4.29968574,"buy"
1466377142,19988182,765.98,0.70031426,"buy"
1466377142,19988184,765.76,0.20629408,"sell"
1466377142,19988188,765.99,1,"buy"
1466377143,19988196,765.77,0.20239076,"sell"
1466377144,19988202,765.77,0.524896,"sell"
1466377145,19988214,765.77,0.08135463,"sell"
1466377149,19988218,765.97,2.85,"buy"
1466377151,19988226,765.79,0.19219206,"sell"
1466377151,19988230,765.79,0.19219206,"sell"
1466377152,19988234,765.79,0.01256013,"sell"
1466377152,19988236,765.79,0.10305575,"sell"
1466377152,19988238,765.78,0.00088193,"sell"
1466377152,19988244,765.78,0.01450244,"sell"
1466377171,19988254,765.78,2.98461563,"sell"
1466377171,19988256,765.79,0.5,"sell"
1466377171,19988258,765.77,1.51538437,"sell"
1466377179,19988264,766,0.41587871,"buy"
1466377179,19988266,765.99,0.08412129,"buy"
1466377182,19988268,766,0.08412129,"buy"
1466377182,19988270,766.13,0.41587871,"buy"
1466377186,19988272,766.13,0.41588091,"buy"
1466377186,19988274,766.12,0.08411909,"buy"
1466377200,19988276,766.12,0.25,"buy"
1466377210,19988294,765.91,0.06818327,"sell"
1466377211,19988296,765.91,0.06620432,"sell"
1466377213,19988300,765.91,0.16357675,"sell"
1466377241,19988310,766.51,2,"buy"
1466377243,19988312,766.18,0.1,"sell"
1466377247,19988314,766.88,1,"buy"
1466377255,19988316,766.49,3.25,"buy"
1466377261,19988320,767.04,3.25,"buy"
1466377263,19988324,766.2,0.21331604,"sell"
1466377263,19988328,766.2,0.08277985,"sell"
1466377264,19988330,766.2,0.01764498,"sell"
1466377264,19988332,766.2,0.12437253,"sell"
1466377264,19988336,766.2,0.00725913,"sell"
1466377265,19988338,767.03,0.05,"buy"
1466377267,19988344,766.21,0.13163166,"sell"
1466377267,19988348,766.21,0.13163166,"sell"
1466377271,19988350,766.22,0.01297659,"sell"
1466377275,19988364,766.22,0.152338,"sell"
1466377278,19988384,766.22,0.14907,"sell"
1466377280,19988398,766.22,0.10251201,"sell"
1466377281,19988402,766.21,3,"sell"
1466377281,19988404,766.22,0.0831034,"sell"
1466377281,19988410,766.2,0.92105416,"sell"
1466377287,19988486,766.02,0.01310499,"sell"
1466377291,19988524,766.02,0.20311275,"sell"
1466377291,19988526,766.02,0.01120739,"sell"
1466377307,19988598,766.03,0.01915,"sell"
1466377322,19988670,766,0.19870096,"sell"
1466377322,19988672,766,2.5,"sell"
1466377347,19988702,765.39,6,"sell"
1466377347,19988704,765.39,1.46551316,"sell"
1466377347,19988706,766.01,0.5,"sell"
1466377347,19988708,765.51,3,"sell"
1466377347,19988710,765.9,0.15,"sell"
1466377347,19988712,765.9,2,"sell"
1466377347,19988714,766,0.2,"sell"
1466377347,19988716,765.82,10,"sell"
1466377347,19988718,766,1.36348684,"sell"
1466377347,19988720,765.68,0.321,"sell"
1466377348,19988722,765.34,11.6882,"sell"
1466377348,19988724,765.02,6.69,"sell"
1466377348,19988726,765.08,4.71,"sell"
1466377348,19988728,765.02,1.9118,"sell"
1466377360,19988736,765,5.24,"sell"
1466377360,19988738,766.01,0.417,"sell"
1466377360,19988740,765.42,0.5,"sell"
1466377360,19988742,765.41,3,"sell"
1466377360,19988744,765.41,6,"sell"
1466377360,19988746,765,9.643,"sell"
1466377360,19988748,765,0.2,"sell"
1466377400,19988762,765.44,0.5,"sell"
1466377400,19988764,765.44,1.2451,"sell"
1466377418,19988768,765.44,0.417,"sell"
1466377418,19988770,765.44,0.01,"sell"
1466377418,19988772,765.33,4.72241174,"sell"
1466377418,19988774,765.45,0.321,"sell"
1466377425,19988776,765.48,0.02926475,"buy"
1466377425,19988778,765.47,1.54029165,"buy"
1466377431,19988784,765.48,1.94939334,"sell"
1466377443,19988826,765.49,0.13887952,"sell"
1466377444,19988854,765.49,0.16537392,"sell"
1466377444,19988856,765.49,0.420241,"sell"
1466377444,19988858,765.49,0.03328022,"sell"
1466377445,19988864,765.49,0.15115391,"sell"
1466377449,19988880,765.49,0.05963017,"sell"
1466377451,19988898,765.49,0.13207675,"sell"
1466377452,19988904,765.49,0.02683895,"sell"
1466377453,19988912,765.49,0.12034679,"sell"
1466377454,19988922,765.48,0.03199716,"sell"
1466377456,19988928,765.48,0.03199675,"sell"
1466377459,19988954,765.48,0.03205485,"sell"
1466377459,19988956,765.48,0.05622883,"sell"
1466377461,19988966,765.48,0.01537388,"sell"
1466377463,19988976,765.48,0.01180401,"sell"
1466377463,19988982,765.48,0.02226711,"sell"
1466377464,19988988,765.48,0.02226711,"sell"
1466377464,19988990,765.48,0.16100421,"sell"
1466377464,19988994,765.47,0.031209,"sell"
1466377465,19988998,765.47,0.02226711,"sell"
1466377466,19989008,765.47,0.03199716,"sell"
1466377467,19989010,765.47,0.02226711,"sell"
1466377467,19989014,765.47,0.217337,"sell"
1466377467,19989016,765.47,0.01401791,"sell"
1466377468,19989018,765.47,0.04169958,"sell"
1466377469,19989024,765.47,0.03620513,"sell"
1466377477,19989032,765.45,0.01377,"sell"
1466377483,19989042,765.46,0.321,"sell"
1466377483,19989044,765.45,0.699295,"sell"
1466377483,19989046,765.45,0.224057,"sell"
1466377491,19989054,765.45,0.417,"sell"
1466377500,19989116,765.39,0.02229744,"sell"
1466377500,19989124,765.39,0.02229232,"sell"
1466377499,19989126,765.39,0.05789921,"sell"
1466377500,19989132,765.3,0.08059221,"sell"
1466377501,19989140,765.3,0.02229232,"sell"
1466377500,19989142,765.3,0.02269299,"sell"
1466377501,19989146,765.3,2.4007819,"sell"
1466377501,19989148,765.3,0.05789921,"sell"
1466377501,19989150,765.3,0.02229744,"sell"
1466377501,19989152,765.3,0.02269299,"sell"
1466377502,19989154,765.26,0.02269299,"sell"
1466377502,19989158,765.26,0.02229744,"sell"
1466377502,19989160,765.26,0.05789921,"sell"
1466377502,19989166,765.26,0.02229232,"sell"
1466377503,19989180,765.27,0.321,"sell"
1466377503,19989182,765.26,5.91225391,"sell"
1466377503,19989190,765.26,0.05625291,"sell"
1466377503,19989194,765.26,0.08059221,"sell"
1466377503,19989196,765.26,0.02571999,"sell"
1466377503,19989200,765.26,0.19718664,"sell"
1466377503,19989216,765.26,0.26788145,"sell"
1466377503,19989218,765.26,0.02229786,"sell"
1466377503,19989222,765.26,2.4158409,"sell"
1466377504,19989224,765.26,4.27764391,"sell"
1466377505,19989242,765.28,0.42145991,"sell"
1466377505,19989254,765.28,0.06747432,"sell"
1466377505,19989256,765.28,0.05625291,"sell"
1466377505,19989262,765.28,0.51730317,"sell"
1466377505,19989274,765.28,0.05625291,"sell"
1466377506,19989278,765.28,3.17284646,"sell"
1466377506,19989280,765.26,0.05625291,"sell"
1466377506,19989284,765.26,0.03150169,"sell"
1466377506,19989288,765.26,0.03831314,"sell"
1466377506,19989292,765.26,0.06747432,"sell"
1466377506,19989294,765.26,0.51730317,"sell"
1466377507,19989310,765.27,0.01911324,"sell"
1466377507,19989316,765.27,0.14653485,"sell"
1466377508,19989322,765.04,0.19784687,"sell"
1466377508,19989324,765.04,0.02580812,"sell"
1466377508,19989326,765.04,0.04131393,"sell"
1466377508,19989332,765.04,0.31673595,"sell"
1466377508,19989336,765.04,0.03150169,"sell"
1466377508,19989338,765.04,0.03831314,"sell"
1466377509,19989340,765.04,0.03831314,"sell"
1466377509,19989342,765.04,0.03150169,"sell"
1466377510,19989354,765.27,0.19782487,"sell"
1466377511,19989366,765.27,0.1778612,"sell"
1466377511,19989370,765.27,0.04131393,"sell"
1466377511,19989378,765.27,0.01242033,"buy"
1466377511,19989386,765.27,0.19784687,"buy"
1466377511,19989390,765.27,0.02580812,"buy"
1466377512,19989396,765.27,0.19784687,"sell"
1466377511,19989400,765.27,0.13887475,"sell"
1466377512,19989404,765.27,0.01536885,"sell"
1466377512,19989406,765.27,0.12659361,"sell"
1466377512,19989410,765.27,0.11782786,"sell"
1466377512,19989414,765.27,0.31299247,"sell"
1466377512,19989418,765.27,0.11782786,"sell"
1466377512,19989422,765.27,0.19845904,"sell"
1466377512,19989430,765.27,0.01536885,"sell"
1466377513,19989432,765.27,0.20166933,"sell"
1466377513,19989444,765.27,0.06507726,"sell"
1466377513,19989446,765.27,0.49892568,"sell"
1466377514,19989464,765.27,0.29765767,"sell"
1466377517,19989488,765.27,0.49892568,"sell"
1466377517,19989496,765.27,0.02386878,"sell"
1466377517,19989506,765.27,0.18299399,"sell"
1466377517,19989510,765.27,0.03416144,"sell"
1466377517,19989518,765.27,5.99481991,"sell"
1466377517,19989532,765.27,0.61094849,"sell"
1466377518,19989542,765.27,0.31296207,"sell"
1466377518,19989544,765.27,0.0103942,"sell"
1466377518,19989548,765.27,0.07968893,"sell"
1466377518,19989550,765.37,0.0103942,"sell"
1466377518,19989552,765.37,0.61094849,"sell"
1466377518,19989556,765.37,0.24596967,"sell"
1466377518,19989566,765.37,0.416676,"sell"
1466377518,19989576,765.37,0.035524,"sell"
1466377519,19989584,765.37,0.210592,"sell"
1466377519,19989586,765.37,0.06149303,"sell"
1466377519,19989588,765.37,1.1963232,"sell"
1466377519,19989594,765.37,0.02804871,"sell"
1466377520,19989596,765.37,0.2150401,"sell"
1466377521,19989616,765.37,0.1653076,"sell"
1466377521,19989618,765.37,0.48616177,"sell"
1466377521,19989624,765.37,0.0328585,"sell"
1466377521,19989632,765.37,0.208014,"sell"
1466377521,19989634,765.37,0.25191518,"sell"
1466377523,19989650,765.37,0.306603,"sell"
1466377523,19989656,765.37,0.306603,"sell"
1466377524,19989668,765.37,0.417773,"sell"
1466377525,19989686,765.37,0.103815,"sell"
1466377526,19989692,765.37,0.587584,"sell"
1466377526,19989696,765.37,0.0328585,"sell"
1466377526,19989698,765.37,0.31961901,"sell"
1466377528,19989760,765.37,0.31961901,"sell"
1466377532,19989802,765.3,0.01,"sell"
1466377532,19989804,765.29,0.30534521,"sell"
1466377533,19989806,765.37,0.31961901,"buy"
1466377533,19989808,765.37,0.09738099,"buy"
1466377534,19989810,765.29,0.01378,"sell"
1466377534,19989812,765.29,0.04452431,"sell"
1466377534,19989818,765.29,0.299383,"sell"
1466377536,19989848,765.3,0.01433941,"sell"
1466377537,19989850,765.3,0.20057669,"sell"
1466377537,19989854,765.3,0.02616217,"sell"
1466377537,19989856,765.3,2.329836,"sell"
1466377537,19989862,765.28,0.04459108,"sell"
1466377537,19989880,765.28,0.02607938,"sell"
1466377537,19989882,765.28,0.19994198,"sell"
1466377538,19989892,765.04,2.000105,"sell"
1466377540,19989900,765.05,0.01433941,"sell"
1466377540,19989902,765.05,0.13095695,"sell"
1466377540,19989904,765.05,0.12604732,"sell"
1466377540,19989906,765.05,0.01644095,"sell"
1466377541,19989908,765.05,0.08603875,"sell"
1466377540,19989910,765.05,0.19461797,"sell"
1466377540,19989912,765.05,0.02538495,"sell"
1466377540,19989920,765.05,0.01433941,"sell"
1466377541,19989922,765.05,0.01122244,"sell"
1466377543,19989932,765.05,0.26670425,"sell"
1466377543,19989936,765.05,0.03480073,"sell"
1466377543,19989942,765.05,0.11288836,"sell"
1466377543,19989946,765.05,2.726735,"sell"
1466377543,19989948,765.04,0.01472456,"sell"
1466377544,19989952,765.04,0.14629674,"sell"
1466377544,19989956,765.04,0.01908218,"sell"
1466377544,19989962,765.04,0.02635099,"sell"
1466377544,19989968,765.04,0.20202427,"sell"
1466377544,19989976,765.04,0.01122244,"sell"
1466377545,19989984,765.04,0.15797232,"sell"
1466377545,19989988,765.04,0.02060508,"sell"
1466377545,19989990,765.04,0.05040055,"sell"
1466377545,19989996,765.04,0.01122244,"sell"
1466377545,19990002,765.04,0.01122244,"sell"
1466377546,19990008,765.04,0.02635099,"sell"
1466377546,19990014,765.04,0.01122244,"sell"
1466377547,19990030,765.04,0.05040055,"sell"
1466377547,19990034,765.04,0.05040055,"sell"
1466377548,19990048,765.04,0.25,"sell"
1466377548,19990054,765.04,0.01378,"sell"
1466377549,19990060,765.05,0.29656388,"buy"
1466377549,19990062,765.22,0.02443612,"sell"
1466377549,19990064,765.04,0.43353414,"sell"
1466377549,19990072,765.04,0.05974932,"sell"
1466377551,19990104,765.04,1.00794,"sell"
1466377551,19990106,765.04,0.08117642,"sell"
1466377551,19990108,765.04,0.01058822,"sell"
1466377552,19990122,765.04,0.05972355,"sell"
1466377553,19990132,765.04,0.01669758,"sell"
1466377553,19990138,765.04,0.12923429,"sell"
1466377554,19990142,765.04,0.02297301,"sell"
1466377555,19990146,765.04,0.12923429,"sell"
1466377556,19990150,765.04,0.02298662,"sell"
1466377557,19990156,765.04,0.12923429,"sell"
1466377557,19990160,765.04,0.02298662,"sell"
1466377559,19990170,765.04,0.785632,"sell"
1466377560,19990178,765.04,0.01660018,"sell"
1466377560,19990186,765.04,0.12923429,"sell"
1466377561,19990190,765.04,0.96210627,"sell"
1466377561,19990192,765.04,0.12549212,"sell"
1466377561,19990196,765.04,0.01636853,"sell"
1466377561,19990200,765.04,1.783414,"sell"
1466377562,19990202,765.04,0.01699216,"sell"
1466377562,19990206,765,0.03394184,"sell"
1466377562,19990208,765.04,0.96471856,"sell"
1466377562,19990214,765,0.07367195,"sell"
1466377562,19990218,765,0.13027327,"sell"
1466377562,19990222,764.69,2.58334706,"sell"
1466377562,19990224,765,0.01211294,"sell"
1466377562,19990234,764.69,0.12118374,"sell"
1466377562,19990236,764.69,0.01580657,"sell"
1466377565,19990244,765,0.01660018,"buy"
1466377569,19990250,764.68,0.11690367,"sell"
1466377572,19990252,764.7,0.1,"sell"
1466377572,19990256,764.7,0.10819614,"sell"
1466377573,19990258,764.7,0.01699216,"sell"
1466377574,19990272,764.7,0.0145366,"sell"
1466377574,19990280,764.7,0.06730211,"sell"
1466377574,19990282,764.7,0.01397299,"sell"
1466377574,19990284,764.69,0.03982418,"sell"
1466377574,19990290,764.69,0.1114473,"sell"
1466377575,19990294,764.69,0.06372918,"sell"
1466377575,19990296,764.69,0.20299934,"sell"
1466377577,19990304,764.67,0.02,"sell"
1466377577,19990306,764.62,0.00977697,"sell"
1466377579,19990314,764.62,0.02139982,"sell"
1466377580,19990326,764.62,0.07527761,"sell"
1466377583,19990328,764.62,0.1114473,"sell"
1466377583,19990330,764.62,0.10406135,"sell"
1466377583,19990332,764.62,0.28559109,"sell"
1466377585,19990336,764.62,0.10406135,"sell"
1466377588,19990340,764.62,0.10421767,"sell"
1466377590,19990346,764.62,0.10421767,"sell"
1466377593,19990412,764.62,0.10421502,"buy"
1466377595,19990420,764.63,0.10349839,"sell"
1466377596,19990422,764.63,0.04413904,"sell"
1466377597,19990428,764.62,0.1189,"sell"
1466377600,19990436,764.62,0.069083,"sell"
1466377600,19990438,764.62,0.10722862,"sell"
1466377602,19990450,764.63,0.10857962,"buy"
1466377602,19990452,764.63,1.26793351,"buy"
1466377602,19990456,764.63,0.42105597,"sell"
1466377602,19990458,764.63,0.05492034,"sell"
1466377603,19990466,764.62,0.302339,"sell"
1466377604,19990470,764.62,0.10261127,"sell"
1466377604,19990474,764.62,0.15831474,"sell"
1466377604,19990482,764.62,0.04837035,"sell"
1466377604,19990492,764.62,0.37083931,"sell"
1466377605,19990494,764.62,0.01877923,"sell"
1466377605,19990500,764.62,0.14397417,"sell"
1466377605,19990502,764.62,0.25459373,"sell"
1466377606,19990514,764.62,2.035896,"sell"
1466377606,19990516,764.62,0.64951842,"sell"
1466377606,19990520,764.62,1.26907058,"sell"
1466377607,19990534,764.63,0.03502103,"buy"
1466377607,19990536,764.63,0.101977,"buy"
1466377607,19990538,764.63,0.01877923,"buy"
1466377607,19990540,764.62,0.12049828,"sell"
1466377607,19990542,764.64,0.14397417,"sell"
1466377607,19990546,764.64,0.07599345,"sell"
1466377607,19990548,764.64,0.01877923,"sell"
1466377607,19990550,764.64,0.02347589,"sell"
1466377608,19990554,764.62,0.01877923,"sell"
1466377608,19990556,764.62,0.14232571,"sell"
1466377608,19990558,764.62,0.01856423,"sell"
1466377608,19990560,764.62,0.14397417,"sell"
1466377609,19990562,764.62,0.14232571,"sell"
1466377609,19990564,764.62,0.03502103,"sell"
1466377609,19990566,764.62,0.07599345,"sell"
1466377612,19990574,764.62,0.01856423,"sell"
1466377612,19990576,764.62,0.01877923,"sell"
1466377615,19990590,764.62,0.03959443,"sell"
1466377616,19990594,764.63,0.321,"buy"
1466377616,19990598,764.62,0.01275821,"sell"
1466377616,19990604,764.62,0.09781294,"sell"
1466377616,19990606,764.62,0.01694505,"sell"
1466377617,19990612,764.62,0.0152171,"sell"
1466377617,19990626,764.62,0.01195251,"sell"
1466377618,19990632,764.62,0.03527179,"sell"
1466377620,19990640,764.62,0.02673641,"sell"
1466377620,19990642,764.62,0.35,"sell"
1466377622,19990660,764.62,0.0150491,"sell"
1466377622,19990662,764.62,0.30563,"sell"
1466377623,19990666,764.62,0.01379,"sell"
1466377625,19990670,764.62,0.12615019,"sell"
1466377626,19990676,764.62,0.12307365,"sell"
1466377630,19990678,764.62,0.11895741,"sell"
1466377633,19990682,764.62,0.01,"sell"
1466377637,19990684,764.62,0.01379,"sell"
1466377640,19990690,764.62,0.01,"sell"
1466377640,19990692,764.62,0.11374572,"sell"
1466377642,19990698,764.62,0.10744716,"sell"
1466377643,19990700,764.62,0.01,"sell"
1466377645,19990704,764.62,0.38303126,"sell"
1466377646,19990714,764.62,0.01,"sell"
1466377647,19990718,764.62,0.305846,"sell"
1466377648,19990724,764.62,2.564112,"sell"
1466377648,19990728,764.62,0.03126232,"sell"
1466377648,19990732,764.62,0.01489264,"sell"
1466377648,19990734,764.62,0.05645174,"sell"
1466377648,19990736,764.62,0.43279663,"sell"
1466377649,19990744,764.62,0.02301626,"sell"
1466377649,19990750,764.62,0.17645803,"sell"
1466377650,19990752,764.62,0.01000839,"sell"
1466377650,19990756,764.62,0.07673102,"sell"
1466377652,19990768,764.62,0.01,"sell"
1466377653,19990774,764.65,0.05190627,"buy"
1466377653,19990776,764.64,0.40486155,"buy"
1466377653,19990778,764.65,0.17645803,"buy"
1466377653,19990780,764.7,0.1095124,"buy"
1466377653,19990782,764.67,0.02,"buy"
1466377654,19990794,764.75,0.15510705,"sell"
1466377654,19990800,764.75,0.02628553,"sell"
1466377654,19990802,764.75,0.02023136,"sell"
1466377654,19990804,764.75,0.20152243,"sell"
1466377657,19990810,764.76,0.04668752,"sell"
1466377657,19990816,764.76,0.166022,"sell"
1466377659,19990842,764.76,0.31616704,"sell"
1466377659,19990844,764.76,2.617088,"sell"
1466377659,19990846,764.76,0.306146,"sell"
1466377659,19990852,764.76,0.03290142,"sell"
1466377659,19990856,764.76,0.02023136,"sell"
1466377660,19990872,764.76,0.02628553,"sell"
1466377660,19990876,764.76,0.0172402,"sell"
1466377660,19990882,764.76,0.13217492,"sell"
1466377661,19990886,764.76,0.05960882,"sell"
1466377661,19990888,764.76,0.02628106,"sell"
1466377662,19990896,764.76,0.13217492,"sell"
1466377662,19990910,764.76,0.13217492,"sell"
1466377662,19990912,764.76,0.02628106,"sell"
1466377662,19990916,764.76,0.0172402,"sell"
1466377662,19990918,764.76,0.05960882,"sell"
1466377663,19990920,764.76,0.15510705,"sell"
1466377664,19990936,764.77,0.18625629,"sell"
1466377664,19990938,764.77,0.02429429,"sell"
1466377665,19990942,764.76,0.02319014,"sell"
1466377665,19990944,764.77,0.09502947,"sell"
1466377665,19990948,764.77,0.01541995,"sell"
1466377665,19990954,764.76,0.04454897,"sell"
1466377666,19990970,764.76,0.07319956,"sell"
1466377666,19990978,764.76,0.41888604,"sell"
1466377666,19990980,764.76,0.05463731,"sell"
1466377667,19991006,764.76,0.05463731,"sell"
1466377667,19991010,764.76,0.07319956,"sell"
1466377667,19991014,764.76,0.41888604,"sell"
1466377668,19991018,764.76,0.38475953,"sell"
1466377669,19991028,764.76,0.14637111,"sell"
1466377669,19991038,764.76,0.13503717,"sell"
1466377669,19991040,764.76,0.01761355,"sell"
1466377669,19991046,764.76,0.01909189,"sell"
1466377670,19991068,764.76,0.03760812,"sell"
1466377670,19991070,764.76,1.144939,"sell"
1466377670,19991074,764.76,0.14637111,"sell"
1466377670,19991076,764.76,0.01909189,"sell"
1466377670,19991078,764.76,0.123183,"sell"
1466377670,19991084,764.76,0.14637111,"sell"
1466377670,19991086,764.76,3.788471,"sell"
1466377670,19991092,764.76,0.01909189,"sell"
1466377672,19991104,764.76,0.07784474,"sell"
1466377672,19991106,764.76,0.59680968,"sell"
1466377672,19991112,764.76,0.01015366,"sell"
1466377674,19991132,764.76,0.05947902,"sell"
1466377675,19991136,764.76,0.2148567,"sell"
1466377676,19991160,764.76,0.0434246,"sell"
1466377676,19991164,764.76,0.33292196,"sell"
1466377677,19991168,764.76,0.03473728,"sell"
1466377677,19991174,764.76,0.26631917,"sell"
1466377678,19991178,764.76,0.11484705,"sell"
1466377678,19991180,764.76,0.41766954,"sell"
1466377678,19991184,764.76,0.07467607,"sell"
1466377678,19991190,764.76,0.04,"sell"
1466377678,19991196,764.76,0.02802478,"sell"
1466377678,19991204,764.76,0.03473728,"sell"
1466377680,19991214,764.76,0.07467607,"sell"
1466377682,19991226,764.76,0.99645861,"sell"
1466377682,19991228,764.76,0.57251659,"sell"
1466377682,19991230,764.76,0.13135389,"sell"
1466377685,19991242,764.76,0.01960295,"sell"
1466377685,19991246,764.76,0.15432575,"sell"
1466377686,19991254,764.76,0.13700526,"sell"
1466377685,19991256,764.76,0.01787025,"sell"
1466377686,19991258,764.76,0.15432575,"sell"
1466377686,19991262,764.76,0.15028929,"sell"
1466377687,19991266,764.76,0.01787025,"sell"
1466377687,19991270,764.76,0.01960295,"sell"
1466377687,19991276,764.76,0.13700526,"sell"
1466377688,19991286,764.76,0.06469617,"sell"
1466377689,19991300,764.76,0.02883027,"sell"
1466377690,19991304,764.76,0.02962535,"sell"
1466377690,19991314,764.76,0.15432575,"sell"
1466377691,19991316,764.76,0.02185545,"sell"
1466377692,19991328,764.76,0.15028929,"sell"
1466377693,19991330,764.76,0.05280045,"sell"
1466377693,19991338,764.76,0.01195532,"sell"
1466377694,19991344,764.76,0.05280045,"sell"
1466377694,19991346,764.76,0.04254412,"sell"
1466377697,19991360,764.76,0.11056898,"sell"
1466377706,19991386,764.77,0.01413196,"sell"
1466377706,19991388,764.77,0.10834504,"sell"
1466377706,19991404,764.77,0.04071446,"sell"
1466377707,19991406,764.77,0.07221554,"sell"
1466377708,19991410,764.77,0.065768,"sell"
1466377748,19991502,764.77,0.069797,"sell"
1466377749,19991510,764.77,0.396736,"sell"
1466377751,19991522,764.77,0.22983932,"sell"
1466377751,19991524,764.77,0.03841429,"sell"
1466377752,19991526,764.78,0.06357401,"sell"
1466377752,19991532,764.78,0.4874007,"sell"
1466377754,19991536,764.78,0.321,"sell"
1466377754,19991538,764.77,0.14937735,"sell"
1466377754,19991540,764.77,0.06135357,"sell"
1466377764,19991554,764.8,0.19422849,"buy"
1466377765,19991556,764.8,0.05947902,"sell"
1466377768,19991558,764.99,0.19422849,"sell"
1466377768,19991560,764.99,0.20152243,"sell"
1466377816,19991594,765,0.59817685,"buy"
1466377816,19991596,765,1.5566831,"buy"
1466377820,19991598,765,0.1974615,"sell"
1466377823,19991626,765,0.29123645,"sell"
1466377823,19991628,765,0.03798737,"sell"
1466377824,19991630,765,0.0214671,"sell"
1466377826,19991640,765,0.07449669,"sell"
1466377834,19991646,765.01,1,"buy"
1466377834,19991648,765.01,1.33526012,"buy"
1466377836,19991658,765.01,0.47041872,"sell"
1466377895,19991764,765.23,0.3,"sell"
1466377909,19991772,765.24,0.01660018,"buy"
1466377936,19991824,765.28,0.01247965,"buy"
1466377949,19991866,765.34,3.900628,"buy"
1466377949,19991870,765.29,0.31429332,"buy"
1466377949,19991872,765.35,5,"buy"
1466377949,19991874,765.38,5.78507868,"buy"
1466377951,19991880,765.29,0.33866766,"sell"
1466377956,19991916,765.31,6.5088,"sell"
1466377956,19991922,765.3,1.782907,"sell"
1466377957,19991924,765.3,0.28962,"sell"
1466377957,19991926,765.32,0.5,"sell"
1466377957,19991946,765.3,3.214457,"sell"
1466377962,19991964,765.39,0.01,"buy"
1466377983,19992016,765.39,3,"buy"
1466377983,19992018,765.7,6.5194,"buy"
1466377997,19992042,765.7,0.01804,"buy"
1466378007,19992090,765.69,0.05857399,"sell"
1466378014,19992106,765.69,0.01244221,"sell"
1466378015,19992116,765.69,0.069718,"sell"
1466378017,19992124,765.69,0.0369184,"sell"
1466378018,19992130,765.69,0.548559,"sell"
1466378021,19992150,765.69,0.545256,"sell"
1466378022,19992164,765.69,1.98894513,"sell"
1466378023,19992204,765.7,0.681255,"buy"
1466378023,19992206,765.7,0.03199675,"buy"
1466378023,19992212,765.7,0.04180118,"buy"
1466378023,19992216,765.7,0.046598,"buy"
1466378025,19992224,765.71,0.31050251,"sell"
1466378025,19992226,765.69,0.06505431,"sell"
1466378025,19992232,765.69,0.02,"sell"
1466378031,19992272,765.72,0.060306,"sell"
1466378032,19992278,765.72,0.035559,"sell"
1466378034,19992288,765.72,0.21463751,"sell"
1466378034,19992290,765.71,0.36164,"sell"
1466378043,19992314,765.72,4.87559219,"sell"
1466378057,19992328,765.77,0.25,"buy"
1466378074,19992342,765.78,0.11164,"buy"
1466378079,19992346,765.79,3,"buy"
1466378079,19992348,765.79,6.88,"buy"
1466378079,19992350,765.79,3,"buy"
1466378083,19992356,766.13,6.4889,"buy"
1466378084,19992360,766.19,0.01632232,"buy"
1466378084,19992362,766.2,0.98367768,"buy"
1466378088,19992364,766.2,18.5125,"buy"
1466378089,19992366,766.2,0.01,"buy"
1466378090,19992368,766.2,0.01,"buy"
1466378091,19992370,766.21,3,"buy"
1466378091,19992372,766.21,0.016345,"buy"
1466378091,19992374,766.43,0.0831034,"buy"
1466378091,19992376,766.2,0.48382232,"buy"
1466378091,19992378,766.93,0.1,"buy"
1466378091,19992380,767,0.49738381,"buy"
1466378102,19992398,767,0.02,"buy"
1466378102,19992400,767,0.2,"buy"
1466378130,19992408,766.99,0.0477,"buy"
1466378140,19992416,767.02,0.45,"sell"
1466378147,19992442,767.39,0.0192,"sell"
1466378166,19992470,767.52,0.5,"sell"
1466378170,19992474,767.51,0.06515,"sell"
1466378177,19992476,767.51,0.28428,"sell"
1466378177,19992478,767.5,1.83572,"sell"
1466378227,19992490,767.5,0.1,"buy"
1466378250,19992492,767.5,5,"sell"
1466378289,19992504,767.51,0.2542748,"sell"
1466378295,19992506,767.6,0.3,"buy"
1466378295,19992508,767.51,0.01,"sell"
1466378343,19992534,766.42,0.14424827,"sell"
1466378343,19992536,766.53,0.32,"sell"
1466378394,19992540,767.28,0.12,"buy"
1466378407,19992544,766.38,0.194,"sell"
1466378412,19992546,766.39,2.6765273,"sell"
1466378418,19992552,766.39,0.02,"sell"
1466378466,19992554,766.39,6.4938,"buy"
1466378480,19992556,766.39,1.5062,"buy"
1466378498,19992576,766.38,0.01126906,"sell"
1466378513,19992590,766.39,0.18030625,"sell"
1466378524,19992598,766.38,0.2251536,"sell"
1466378526,19992600,766.38,1.97052805,"sell"
1466378566,19992602,765.09,0.1,"sell"
1466378594,19992624,765.2,0.1,"sell"
1466378594,19992626,765.2,0.02,"sell"
1466378594,19992628,765.2,0.2,"sell"
1466378602,19992636,765.62,6.4945,"sell"
1466378602,19992638,766.21,0.0655,"buy"
1466378618,19992640,765.7,0.0305,"buy"
1466378643,19992644,765.7,0.2,"buy"
1466378649,19992646,765.67,0.02831588,"sell"
1466378703,19992664,765.7,0.5435,"buy"
1466378703,19992666,765.7,1.213,"buy"
1466378703,19992668,765.7,0.7965,"buy"
1466378777,19992700,766.08,0.030439,"sell"
1466378812,19992702,766.09,0.133404,"sell"
1466378824,19992704,766.11,0.31798656,"sell"
1466378827,19992706,766.08,0.06750926,"sell"
1466378859,19992708,766.17,6.5144,"buy"
1466378864,19992712,768.49,5,"buy"
1466378864,19992714,768.49,0.2,"buy"
1466378864,19992716,768.49,0.195,"buy"
1466378871,19992770,766.6,0.027627,"sell"
1466378872,19992780,766.6,1.90649963,"sell"
1466378875,19992792,766.61,0.03409052,"sell"
1466378884,19992800,766.65,0.039,"sell"
1466378886,19992802,766.65,0.02613,"sell"
1466378944,19992816,766.71,0.01108628,"sell"
1466378944,19992818,766.69,0.061989,"sell"
1466378949,19992822,766.72,0.12864143,"sell"
1466378950,19992824,766.72,0.01786,"sell"
1466378963,19992826,766.69,0.015,"sell"
1466378966,19992828,766.58,0.131483,"sell"
1466378980,19992846,766.64,0.02124316,"sell"
1466378979,19992854,767.57,0.01135505,"buy"
1466378979,19992856,767.58,0.24499198,"buy"
1466378980,19992868,766.64,0.33699011,"sell"
1466379061,19992884,766.64,0.17803691,"sell"
1466379062,19992892,767.08,0.07153555,"buy"
1466379062,19992896,767.07,0.02506301,"buy"
1466379068,19992910,766.64,0.17547701,"sell"
1466379068,19992912,766.65,0.21,"sell"
1466379250,19993066,767.34,0.02252947,"buy"
1466379250,19993068,767.34,0.30922333,"buy"
1466379286,19993092,767.22,0.5,"buy"
1466379286,19993094,767.23,0.679995,"buy"
1466379286,19993096,767.2,0.400005,"buy"
1466379308,19993116,767.17,0.33243334,"buy"
1466379314,19993118,767.17,0.75,"buy"
1466379355,19993148,766.77,0.04631007,"sell"
1466379355,19993150,766.77,0.05737992,"sell"
1466379356,19993156,766.77,0.10368999,"sell"
1466379356,19993158,766.78,0.17011293,"sell"
1466379357,19993162,766.78,0.01307309,"sell"
1466379358,19993180,766.79,0.04962291,"sell"
1466379359,19993184,766.79,0.17011293,"sell"
1466379360,19993198,766.79,0.21421051,"sell"
1466379361,19993210,766.8,0.04631007,"sell"
1466379361,19993214,766.79,0.05423007,"sell"
1466379367,19993248,766.66,0.0463164,"sell"
1466379367,19993250,766.65,0.1295886,"sell"
1466379369,19993254,766.66,0.4960095,"sell"
1466379370,19993258,766.65,0.05107223,"sell"
1466379373,19993284,766.67,0.28644,"sell"
1466379377,19993286,766.67,9.5776,"sell"
1466379377,19993288,766.67,3,"sell"
1466379377,19993290,766.68,0.5,"sell"
1466379378,19993292,766.66,0.01907518,"sell"
1466379378,19993294,766.66,0.17081453,"sell"
1466379379,19993296,766.66,0.14624306,"sell"
1466379393,19993306,766.66,0.27403579,"sell"
1466379403,19993308,766.67,0.1224,"buy"
1466379407,19993310,767,0.01,"sell"
1466379413,19993336,767,0.15647706,"sell"
1466379430,19993344,767.01,0.06297191,"sell"
1466379430,19993346,767.01,0.06018483,"sell"
1466379430,19993348,767.01,0.15624,"sell"
1466379448,19993350,767.26,3,"buy"
1466379448,19993352,767.26,1.74206629,"buy"
1466379448,19993354,767.26,0.25793371,"buy"
1466379449,19993376,767,0.21256241,"sell"
1466379449,19993378,767,0.10930322,"sell"
1466379450,19993380,767,2.089875,"sell"
1466379450,19993386,767,0.22755599,"sell"
1466379488,19993402,767,0.14807,"sell"
1466379501,19993404,767,0.21770282,"sell"
1466379552,19993408,767,0.7060535,"sell"
1466379552,19993410,767,2.5809465,"sell"
1466379590,19993416,767,3,"sell"
1466379600,19993432,767,0.13872462,"sell"
1466379600,19993444,767,0.16184204,"sell"
1466379600,19993456,767,0.311592,"sell"
1466379601,19993462,767,0.13872462,"sell"
1466379602,19993470,767,0.70050767,"sell"
1466379602,19993472,767,0.09137056,"sell"
1466379602,19993480,767,0.01798595,"sell"
1466379603,19993484,767,0.01191789,"sell"
1466379603,19993494,767,0.13789228,"sell"
1466379604,19993498,767,0.07408956,"sell"
1466379617,19993520,765.99,4.04559369,"sell"
1466379617,19993524,767,0.63440631,"sell"
1466379617,19993526,766.61,0.32,"sell"
1466379621,19993540,765.97,0.16672491,"sell"
1466379621,19993542,765.98,0.2,"buy"
1466379624,19993544,765.99,0.00755143,"buy"
1466379624,19993546,765.98,0.01244857,"buy"
1466379624,19993548,765.97,0.1,"sell"
1466379626,19993552,765.99,0.03059057,"buy"
1466379659,19993568,766,0.17294915,"sell"
1466379660,19993576,766,0.10889391,"sell"
1466379661,19993588,765.99,0.11290498,"sell"
1466379661,19993592,766,0.03815694,"sell"
1466379661,19993598,765.99,0.417,"sell"
1466379661,19993602,765.99,0.78709502,"sell"
1466379662,19993612,765.99,0.01514308,"buy"
1466379662,19993620,765.99,0.04623728,"buy"
1466379662,19993624,765.89,0.803,"sell"
1466379662,19993628,765.89,0.247166,"sell"
1466379662,19993630,765.99,0.00548732,"buy"
1466379662,19993632,765.99,0.04074996,"buy"
1466379662,19993634,765.99,0.01514308,"buy"
1466379662,19993636,765.99,0.01730257,"buy"
1466379663,19993646,765.76,0.59683601,"sell"
1466379663,19993648,765.89,0.479834,"sell"
1466379663,19993650,765.98,0.04623728,"buy"
1466379664,19993652,765.98,0.05016249,"buy"
1466379664,19993654,765.99,0.02593655,"buy"
1466379664,19993656,765.99,0.01238602,"buy"
1466379664,19993658,765.98,0.01514308,"buy"
1466379664,19993660,765.99,0.01514308,"buy"
1466379664,19993662,765.99,0.06781428,"buy"
1466379664,19993664,765.99,0.02030073,"buy"
1466379665,19993682,765.76,0.01940128,"buy"
1466379666,19993690,765.69,0.01293404,"sell"
1466379666,19993692,765.69,0.01238602,"sell"
1466379666,19993694,765.69,0.09495955,"sell"
1466379666,19993698,765.69,0.09495955,"sell"
1466379666,19993700,765.69,0.05518331,"sell"
1466379668,19993704,765.53,0.22445999,"sell"
1466379668,19993708,765.53,0.02927739,"sell"
1466379668,19993710,765.53,0.76023403,"sell"
1466379668,19993712,765.53,0.09495955,"sell"
1466379669,19993716,765.69,0.14454639,"buy"
1466379669,19993718,765.53,0.03370735,"sell"
1466379669,19993720,765.99,0.06545361,"sell"
1466379669,19993722,765.54,0.09916096,"sell"
1466379671,19993724,765.69,0.06914516,"buy"
1466379672,19993730,765.53,0.14454639,"sell"
1466379677,19993732,765.67,0.11154285,"buy"
1466379715,19993742,765.56,0.05,"sell"
1466379752,19993758,765.56,0.31767468,"sell"
1466379751,19993760,765.56,0.0123951,"sell"
1466379751,19993762,765.56,0.03083872,"sell"
1466379752,19993764,765.56,0.06166626,"sell"
1466379752,19993772,765.56,0.09502916,"sell"
1466379753,19993780,765.56,1.022763,"sell"
1466379769,19993784,765.28,0.125,"sell"
1466379769,19993786,765.21,0.02,"sell"
1466379769,19993788,765.21,0.05,"sell"
1466379775,19993810,765.21,0.13,"sell"
1466379775,19993812,765.18,0.18204831,"sell"
1466379778,19993816,765.29,0.31204831,"sell"
1466379783,19993818,765.18,4.33795169,"sell"
1466379783,19993820,765.06,10,"sell"
1466379783,19993822,764.54,8.6518,"sell"
1466379783,19993824,765,0.1798,"sell"
1466379783,19993826,764.51,6.02,"sell"
1466379783,19993828,764.5,9.86364831,"sell"
1466379783,19993830,764.52,10.3558,"sell"
1466379783,19993832,765,0.25,"sell"
1466379783,19993834,764.54,0.321,"sell"
1466379783,19993836,764.64,0.01,"sell"
1466379783,19993838,764.63,0.01,"sell"
1466379789,19993842,764.5,0.1,"sell"
1466379789,19993844,764.5,0.1,"sell"
1466379789,19993846,764.5,0.1,"sell"
1466379789,19993848,764.5,0.1,"sell"
1466379845,19993862,765.31,0.05036194,"sell"
1466379859,19993864,764.87,0.21,"sell"
1466379859,19993866,764.77,0.3135404,"sell"
1466379859,19993868,764.76,0.03926553,"sell"
1466379864,19993870,765.45,0.01,"buy"
1466379876,19993872,765.4,6.4963,"buy"
1466379876,19993874,765.41,0.080791,"buy"
1466379876,19993876,765.06,0.116209,"buy"
1466379876,19993878,765.4,0.5,"buy"
1466379883,19993880,764.93,0.01373,"buy"
1466379885,19993894,764.75,0.053527,"sell"
1466379890,19993896,765.37,1.93635169,"buy"
1466379890,19993898,764.76,0.094389,"sell"
1466379909,19993900,764.54,0.10849903,"sell"
1466379909,19993902,764.64,0.02,"sell"
1466379909,19993904,765.26,0.021,"buy"
1466379924,19993906,765.19,3,"buy"
1466379924,19993908,765.19,0.5,"buy"
1466379924,19993910,765.19,6,"buy"
1466379932,19993912,764.84,0.5,"sell"
1466379932,19993914,764.84,0.15358887,"sell"
1466379962,19993920,764.94,0.23763456,"sell"
1466379962,19993924,764.94,0.23763146,"sell"
1466379967,19993926,764.95,2,"sell"
1466379967,19993928,764.95,0.5,"sell"
1466379968,19993930,764.94,0.07888613,"sell"
1466379981,19993936,765.5,1.75,"buy"
1466379981,19993938,765.5,3,"buy"
1466379981,19993940,765.5,0.5,"buy"
1466380023,19993990,765.5,0.01371,"buy"
1466380044,19993996,765.45,0.4,"buy"
1466380064,19994000,765.4,0.0569,"buy"
1466380077,19994006,765.01,0.03,"sell"
1466380084,19994008,765.32,1,"buy"
1466380101,19994010,765.29,0.17,"buy"
1466380118,19994012,765.22,0.12407736,"sell"
1466380120,19994016,765.22,0.12407736,"sell"
1466380140,19994018,765.23,2,"sell"
1466380165,19994028,765.22,0.01964867,"sell"
1466380270,19994068,765.08,0.38563772,"sell"
1466380303,19994078,765.25,0.12902459,"buy"
1466380303,19994080,765.51,2.47097541,"buy"
1466380356,19994090,765.99,0.015,"buy"
1466380375,19994140,766.02,0.10989105,"buy"
1466380376,19994144,766.01,0.03815694,"buy"
1466380376,19994146,766.02,0.07173411,"buy"
1466380447,19994156,766.05,0.12895285,"sell"
1466380456,19994158,766.45,3.3,"buy"
1466380456,19994160,766.85,0.10889391,"buy"
1466380456,19994162,766.86,0.11887787,"buy"
1466380456,19994164,766.97,6.507,"buy"
1466380456,19994166,766.5,0.92276986,"buy"
1466380456,19994168,766.96,8.7203,"buy"
1466380456,19994170,767,12.35165836,"buy"
1466380456,19994172,766.97,6,"buy"
1466380456,19994174,767,8.9705,"buy"
1466380456,19994176,766.97,3,"buy"
1466380460,19994178,766.13,0.22818095,"sell"
1466380479,19994190,767.46,6,"buy"
1466380479,19994192,767.46,3,"buy"
1466380479,19994194,767.29,9.1629,"buy"
1466380479,19994196,767.55,9.3243,"buy"
1466380479,19994198,766.99,0.1354,"buy"
1466380479,19994200,766.99,0.107,"buy"
1466380479,19994202,767.85,6.66,"buy"
1466380479,19994204,767.86,2.55155836,"buy"
1466380479,19994206,767.55,2.502,"buy"
1466380479,19994208,767.46,8.9085,"buy"
1466380479,19994210,767,1.64834164,"buy"
1466380509,19994222,768.09,0.16337449,"buy"
1466380509,19994224,766.98,0.1353,"buy"
1466380509,19994226,767.95,0.02632551,"buy"
1466380516,19994228,768.03,0.03,"buy"
1466380542,19994236,767.63,4,"buy"
1466380598,19994264,767.54,0.0656975,"sell"
1466380608,19994270,767.82,0.25,"buy"
1466380611,19994276,767.64,0.0322654,"sell"
1466380633,19994282,767.73,0.662,"sell"
1466380672,19994286,767.64,0.04,"sell"
1466380691,19994292,767.65,0.05927261,"sell"
1466380701,19994308,767.64,0.3,"sell"
1466380703,19994310,767.64,0.01,"sell"
1466380710,19994316,767.31,15,"sell"
1466380710,19994318,767.51,6.5001,"sell"
1466380710,19994320,767.64,5.5819022,"sell"
1466380710,19994322,767.3,159.19103529,"sell"
1466380710,19994324,767.5,10,"sell"
1466380710,19994326,767.63,7,"sell"
1466380710,19994328,767.63,1.913,"sell"
1466380714,19994330,767.32,0.27675343,"sell"
1466380715,19994332,767.32,0.5356,"sell"
1466380748,19994468,767.3,3.362,"sell"
1466380753,19994470,767.3,2.5,"sell"
1466380781,19994490,767.3,0.04,"sell"
1466380782,19994492,767.3,0.02,"sell"
1466380808,19994506,767.31,0.18360799,"sell"
1466380809,19994508,767.31,0.29839201,"sell"
1466380809,19994510,767.3,2.70160799,"sell"
1466380810,19994514,767.31,2.54,"sell"
1466380816,19994562,767.48,0.02695332,"buy"
1466380838,19994574,767.33,0.01,"buy"
1466380859,19994588,767.3,11,"sell"
1466380878,19994598,767.31,0.1792,"buy"
1466380884,19994610,767.3,0.10838044,"sell"
1466380892,19994616,767.3,0.15011003,"sell"
1466380894,19994618,767.3,0.57517529,"sell"
1466380897,19994620,767.63,2.5611635,"buy"
1466380897,19994622,767.31,8.9028,"buy"
1466380897,19994624,767.32,6.5098,"buy"
1466380903,19994628,766.8,0.05500778,"sell"
1466380903,19994630,767.31,6.5131,"sell"
1466380903,19994632,767.1,2.6137,"sell"
1466380903,19994634,767.3,14.49600815,"sell"
1466380938,19994644,766.8,0.04,"sell"
1466380943,19994648,767.12,0.0666,"buy"
1466380987,19994696,766.81,0.12188024,"sell"
1466381062,19994708,766.24,0.79500778,"sell"
1466381062,19994710,766.8,0.10499222,"sell"
1466381062,19994712,766.64,0.1,"sell"
1466381116,19994716,766.24,2.20499222,"sell"
1466381116,19994718,765.92,3.62551963,"sell"
1466381116,19994720,766.21,0.07,"sell"
1466381116,19994722,766.07,0.46,"sell"
1466381116,19994724,766.08,0.06,"sell"
1466381116,19994726,766.09,0.09,"sell"
1466381116,19994728,766.04,0.4,"sell"
1466381116,19994730,766.03,9.08948815,"sell"
1466381149,19994752,765.11,0.994,"sell"
1466381149,19994754,764.47,9.2467,"sell"
1466381149,19994756,765.28,0.12,"sell"
1466381149,19994758,765.27,0.13,"sell"
1466381149,19994760,765.12,0.24,"sell"
1466381149,19994762,764.54,7.8371,"sell"
1466381149,19994764,764.53,6,"sell"
1466381149,19994766,765,0.1,"sell"
1466381149,19994768,764.32,0.55270119,"sell"
1466381149,19994770,765.11,1.099,"sell"
1466381149,19994772,764.32,1.047,"sell"
1466381149,19994774,764.89,1.35,"sell"
1466381152,19994776,765.79,0.2848053,"buy"
1466381152,19994778,765.29,0.01,"sell"
1466381188,19994780,764.31,0.43331,"sell"
1466381188,19994782,765.12,0.35,"sell"
1466381188,19994784,764.32,0.346,"sell"
1466381188,19994786,764.32,0.382,"sell"
1466381188,19994788,764.32,0.47,"sell"
1466381188,19994790,765.29,0.01869,"sell"
1466381192,19994792,764.71,0.321,"sell"
1466381192,19994794,764.32,0.0942678,"sell"
1466381193,19994796,764.33,0.1,"sell"
1466381193,19994798,764.33,0.1,"sell"
1466381193,19994800,764.33,0.1,"sell"
1466381200,19994802,764.33,1.488,"sell"
1466381200,19994804,764.34,0.5,"sell"
1466381227,19994806,764.46,0.39893408,"sell"
1466381236,19994808,764.47,0.18958297,"sell"
1466381237,19994810,765.04,0.015,"buy"
1466381254,19994812,764.43,8.0987,"sell"
1466381254,19994814,764.33,0.3,"sell"
1466381254,19994816,764.42,0.321,"sell"
1466381254,19994818,764.32,0.279,"sell"
1466381254,19994820,764.31,6.1377,"sell"
1466381254,19994822,764.46,0.12,"sell"
1466381254,19994824,764.41,8.9976,"sell"
1466381254,19994826,764.32,0.308,"sell"
1466381254,19994828,764.32,0.438,"sell"
1466381332,19994838,764.64,1,"buy"
1466381358,19994998,764.35,0.01306734,"sell"
1466381362,19995026,764.35,0.28693266,"sell"
1466381362,19995028,764.31,2.54899,"sell"
1466381362,19995030,764,0.01,"sell"
1466381362,19995032,764,0.01,"sell"
1466381362,19995034,764.32,0.263,"sell"
1466381362,19995036,764,0.34622664,"sell"
1466381362,19995038,764.11,0.02633107,"sell"
1466381362,19995040,764.31,9.31,"sell"
1466381362,19995042,764.16,0.1,"sell"
1466381362,19995044,764.3,20,"sell"
1466381362,19995046,764.21,0.21,"sell"
1466381362,19995048,764,0.5,"sell"
1466381364,19995050,764,6.38851963,"buy"
1466381376,19995062,764.63,0.01,"buy"
1466381399,19995068,764.34,0.321,"sell"
1466381409,19995070,764.32,0.25,"sell"
1466381410,19995074,764.32,0.01,"sell"
1466381413,19995078,763.89,0.1204,"sell"
1466381413,19995080,764.27,0.01,"sell"
1466381413,19995082,763.89,0.11676977,"sell"
1466381414,19995084,764.31,0.06391108,"buy"
1466381414,19995086,764.34,0.18608892,"buy"
1466381429,19995088,763.8,5.73716977,"sell"
1466381429,19995090,763.88,1,"sell"
1466381429,19995092,763.89,0.26283023,"sell"
1466381429,19995094,763.81,3,"sell"
1466381430,19995096,763.74,0.1,"sell"
1466381430,19995098,763.74,0.1,"sell"
1466381431,19995100,763.74,0.3893699,"sell"
1466381451,19995106,763.74,0.01,"sell"
1466381461,19995110,763.94,0.04351479,"buy"
1466381462,19995114,763.94,0.02328229,"buy"
1466381462,19995116,763.93,0.02837852,"buy"
1466381463,19995118,763.83,0.0870579,"buy"
1466381463,19995124,763.83,0.04203533,"buy"
1466381467,19995130,763.93,0.0870579,"buy"
1466381467,19995132,763.83,0.12909323,"sell"
1466381470,19995136,763.74,3.32255196,"sell"
1466381470,19995138,763.83,0.10887144,"sell"
1466381474,19995140,763.74,0.1,"sell"
1466381474,19995142,763.74,0.1,"sell"
1466381474,19995144,763.74,0.1,"sell"
1466381489,19995146,763.75,0.28,"sell"
1466381489,19995148,763.74,0.63690837,"sell"
1466381493,19995150,763.74,0.28,"buy"
1466381495,19995154,763.74,0.05602362,"buy"
1466381497,19995156,763.59,0.0563,"sell"
1466381511,19995160,763.59,0.2237,"sell"
1466381511,19995162,763.58,0.23319224,"sell"
1466381512,19995164,763.58,0.13692802,"sell"
1466381526,19995182,763.59,0.24383985,"sell"
1466381527,19995184,763.59,0.03616015,"sell"
1466381527,19995186,763.58,0.00490979,"sell"
1466381549,19995188,763.58,1.96496995,"sell"
1466381554,19995190,763.21,0.075,"sell"
1466381554,19995192,763.5,0.025,"sell"
1466381567,19995194,763.21,0.145,"sell"
1466381573,19995196,763,0.01,"sell"
1466381573,19995198,762.94,0.01636,"sell"
1466381573,19995200,762.99,0.5,"sell"
1466381573,19995202,762.32,6,"sell"
1466381573,19995204,762.1,0.84035511,"sell"
1466381573,19995206,762.21,0.23,"sell"
1466381573,19995208,763,0.01,"sell"
1466381573,19995210,762.81,0.39328489,"sell"
1466381574,19995212,762.1,0.1,"sell"
1466381574,19995214,762.1,0.1,"sell"
1466381574,19995216,762.1,0.1,"sell"
1466381575,19995218,763,0.01,"buy"
1466381587,19995220,762.71,0.04136063,"sell"
1466381591,19995222,762.71,0.20864037,"sell"
1466381594,19995224,762.71,0.250001,"buy"
1466381597,19995226,762.7,0.250001,"sell"
1466381597,19995228,762.7,0.250001,"buy"
1466381599,19995230,762,0.25,"sell"
1466381599,19995232,762,1,"sell"
1466381599,19995234,762.1,3.35964489,"sell"
1466381599,19995236,762,1,"sell"
1466381599,19995238,762,0.5,"sell"
1466381599,19995240,761.71,0.23,"sell"
1466381599,19995242,761.5,2.15035511,"sell"
1466381599,19995244,761.66,1.5,"sell"
1466381599,19995246,762,0.01,"sell"
1466381601,19995248,761.5,1.58837091,"sell"
1466381601,19995250,761.5,0.1,"sell"
1466381600,19995252,761.5,5,"sell"
1466381600,19995254,761.5,4,"sell"
1466381600,19995256,762,5.8,"sell"
1466381601,19995258,761.5,0.1,"sell"
1466381601,19995260,761.5,0.05,"sell"
1466381603,19995262,762.02,0.250001,"buy"
1466381606,19995264,761.21,0.23,"sell"
1466381606,19995266,761.22,5,"sell"
1466381606,19995268,761.13,7.75872602,"sell"
1466381606,19995270,761.5,7.01127398,"sell"
1466381613,19995272,761.95,0.250001,"sell"
1466381613,19995274,761.02,3,"sell"
1466381613,19995276,761.01,6.314998,"sell"
1466381613,19995278,761.94,0.250001,"sell"
1466381613,19995280,761.02,0.185,"sell"
1466381614,19995282,761,1.3,"sell"
1466381614,19995284,761,18.56884277,"sell"
1466381614,19995286,761,0.01,"sell"
1466381614,19995288,761,0.128,"sell"
1466381615,19995290,761.51,0.250001,"buy"
1466381616,19995294,761,0.1,"sell"
1466381624,19995302,761.42,0.250001,"sell"
1466381624,19995304,761.06,9.2014,"sell"
1466381624,19995306,761.01,0.548599,"sell"
1466381626,19995308,761.47,0.2,"buy"
1466381630,19995310,761.46,1,"buy"
1466381638,19995312,761.44,0.250001,"sell"
1466381638,19995314,761.43,0.250001,"sell"
1466381643,19995316,761.43,0.250001,"buy"
1466381644,19995318,761.07,0.242099,"sell"
1466381644,19995320,761.39,9.5079,"sell"
1466381644,19995322,761.38,0.250001,"sell"
1466381659,19995326,761.43,0.250001,"buy"
1466381663,19995328,761.43,0.250001,"buy"
1466381668,19995330,761.43,0.199995,"buy"
1466381699,19995344,763.11,1,"buy"
1466381731,19995346,762.48,0.63,"sell"
1466381741,19995350,762.48,0.025,"buy"
1466381762,19995352,762.47,0.01506,"sell"
1466381762,19995356,762,0.03632533,"sell"
1466381780,19995358,762.01,0.0219,"sell"
1466381780,19995360,762.01,0.0481,"sell"
1466381809,19995366,762.12,0.093986,"sell"
1466381810,19995368,762.13,3.85885186,"buy"
1466381813,19995370,762.14,0.093518,"sell"
1466381817,19995372,762.19,1,"buy"
1466381817,19995374,762.15,0.5,"sell"
1466381817,19995376,762.15,0.23174514,"sell"
1466381817,19995378,762.2,2.2,"buy"
1466381817,19995380,762.81,0.35,"buy"
1466381829,19995382,762.19,0.73174514,"buy"
1466381848,19995384,762.47,0.05,"buy"
1466381861,19995390,762.82,1.72,"buy"
1466381868,19995392,763.68,0.18,"buy"
1466381868,19995394,763.68,0.01519655,"buy"
1466381892,19995400,763.57,2.04,"buy"
1466381928,19995404,763.45,3,"buy"
1466381935,19995406,763.68,0.4799,"buy"
1466381935,19995408,763.68,0.5,"buy"
1466381953,19995410,763.45,0.01,"buy"
1466381983,19995432,763.12,0.0418,"buy"
1466381995,19995434,762.9,0.056222,"sell"
1466382002,19995436,762.9,0.054775,"sell"
1466382007,19995438,763.02,0.5,"buy"
1466382010,19995440,763,1.7361,"buy"
1466382022,19995442,762.91,0.06384612,"buy"
1466382022,19995444,762.9,5.83611088,"sell"
1466382062,19995454,762.85,0.00842307,"sell"
1466382074,19995456,762.8,0.1516,"buy"
1466382097,19995458,762.53,0.01,"sell"
1466382097,19995460,762.53,0.005016,"sell"
1466382105,19995462,762.56,6.536,"buy"
1466382105,19995464,762.65,3.464,"buy"
1466382106,19995466,762.53,0.004984,"sell"
1466382106,19995468,762.4,0.005016,"sell"
1466382117,19995470,762.4,0.205,"sell"
1466382144,19995490,762.4,2.31365867,"sell"
1466382195,19995496,762.4,14,"buy"
1466382195,19995498,762.39,0.012489,"sell"
1466382219,19995504,763.13,8,"buy"
1466382246,19995506,762.4,0.02611914,"sell"
1466382252,19995508,762.39,0.034402,"sell"
1466382252,19995510,762.39,0.037512,"sell"
1466382257,19995512,762.93,0.5,"buy"
1466382257,19995514,762.93,3,"buy"
1466382257,19995516,762.93,6,"buy"
1466382257,19995518,762.94,0.5,"buy"
1466382281,19995526,762.9,6.5291,"buy"
1466382291,19995528,763.61,1.2331,"buy"
1466382339,19995550,763.07,0.03287371,"sell"
1466382547,19995562,763.44,0.032625,"sell"
1466382560,19995574,764.46,0.91005906,"buy"
1466382560,19995576,763.69,1,"buy"
1466382560,19995578,764.45,3,"buy"
1466382560,19995580,763.74,0.08994094,"buy"
1466382564,19995582,764.45,0.2,"buy"
1466382594,19995584,764.54,0.05,"buy"
1466382611,19995606,763.81,0.076229,"sell"
1466382624,19995608,763.87,0.02,"sell"
1466382624,19995610,763.89,0.01,"sell"
1466382662,19995632,764.44,0.01306422,"sell"
1466382683,19995636,764.46,0.105491,"sell"
1466382718,19995652,765.65,0.113732,"buy"
1466382718,19995654,764.5,0.3,"buy"
1466382718,19995656,765.66,2.5573736,"buy"
1466382718,19995658,764.54,0.95,"buy"
1466382722,19995660,764.5,0.1,"sell"
1466382779,19995686,764.78,0.02062,"sell"
1466382789,19995688,764.83,0.038,"sell"
1466382803,19995690,765.99,0.4137,"buy"
1466382884,19995746,766,0.20465998,"buy"
1466382884,19995748,766,0.01,"buy"
1466382884,19995750,765.99,0.03534002,"buy"
1466382961,19995762,765.33,0.08124872,"sell"
1466382962,19995764,765.33,0.06044245,"sell"
1466382980,19995768,765.33,0.02,"sell"
1466382980,19995770,765.28,0.016859,"sell"
1466383063,19995842,765.7,0.229357,"buy"
1466383063,19995844,765.66,0.020645,"buy"
1466383064,19995846,765.47,0.010245,"buy"
1466383064,19995848,765.7,0.239757,"buy"
1466383065,19995850,765.7,0.200002,"buy"
1466383072,19995854,765.29,0.037963,"sell"
1466383076,19995860,765.66,2.4393,"buy"
1466383157,19995878,765.34,0.03535566,"buy"
1466383157,19995888,765.34,0.0977347,"buy"
1466383158,19995892,765.34,0.0977347,"buy"
1466383158,19995894,765.34,0.0359079,"buy"
1466383158,19995898,765.34,0.06236487,"buy"
1466383159,19995904,765.34,0.02643199,"buy"
1466383159,19995906,765.34,0.06236487,"buy"
1466383160,19995910,765.34,0.02647966,"buy"
1466383162,19995918,765.34,0.02645813,"buy"
1466383212,19995928,765.23,0.06535663,"sell"
1466383212,19995930,765.2,0.06556781,"sell"
1466383214,19995936,765.3,0.01002996,"buy"
1466383215,19995946,765.3,0.05543839,"buy"
1466383263,19995956,765.28,0.07975659,"buy"
1466383264,19995970,765.28,0.07338285,"buy"
1466383267,19996014,765.28,0.02223423,"buy"
1466383267,19996028,765.28,0.01427676,"buy"
1466383274,19996032,765.28,0.01427676,"buy"
1466383278,19996034,765.22,0.03360274,"buy"
1466383279,19996036,765.22,0.0301389,"buy"
1466383280,19996046,765.22,0.01014167,"buy"
1466383281,19996048,765.22,0.01298897,"buy"
1466383281,19996054,765.22,0.01015995,"buy"
1466383282,19996058,765.22,0.0413286,"buy"
1466383283,19996072,765.22,0.02730136,"buy"
1466383284,19996076,765.22,0.02402361,"buy"
1466383285,19996080,765.22,0.02304911,"buy"
1466383286,19996084,765.22,0.02406693,"buy"
1466383287,19996090,765.22,0.01908566,"buy"
1466383288,19996094,765.22,0.02406693,"buy"
1466383288,19996098,765.22,0.03979807,"buy"
1466383289,19996108,765.22,0.03986984,"buy"
1466383289,19996116,765.22,0.02500236,"buy"
1466383290,19996120,765.22,0.0253767,"buy"
1466383290,19996132,765.22,0.0375134,"buy"
1466383290,19996134,765.22,0.01943108,"buy"
1466383290,19996138,765.22,0.02542246,"buy"
1466383290,19996140,765.22,0.03986984,"buy"
1466383292,19996152,765.22,0.01698047,"buy"
1466383293,19996154,765.22,0.02169243,"buy"
1466383294,19996160,765.22,0.02385711,"buy"
1466383295,19996162,765.22,0.03639523,"buy"
1466383350,19996234,765.21,0.10626093,"sell"
1466383350,19996236,765.2,0.07373907,"sell"
1466383350,19996238,765.21,0.07,"sell"
1466383350,19996242,765.44,0.02379605,"buy"
1466383351,19996250,765.44,0.05,"buy"
1466383372,19996254,765.67,0.1278,"buy"
1466383386,19996256,765.67,3.3,"buy"
1466383451,19996274,765.7,0.02171682,"buy"
1466383466,19996290,765.35,0.0189087,"buy"
1466383470,19996294,765.4,0.01891495,"buy"
1466383494,19996314,765.28,0.02155142,"buy"
1466383494,19996318,765.28,0.01250188,"buy"
1466383495,19996320,765.28,0.01315482,"buy"
1466383495,19996324,765.28,0.02155142,"buy"
1466383508,19996338,765.12,0.02025834,"sell"
1466383508,19996340,765.2,0.00069312,"sell"
1466383513,19996342,765.21,0.02098494,"buy"
1466383513,19996346,765.21,0.02219696,"buy"
1466383536,19996356,765.13,0.01637866,"buy"
1466383537,19996358,765.13,0.01832172,"buy"
1466383561,19996364,765.13,0.0128007,"buy"
1466383562,19996372,765.13,0.02027193,"buy"
1466383562,19996374,765.13,0.01275836,"buy"
1466383582,19996390,765.12,0.00889673,"sell"
1466383586,19996392,765.11,0.02946854,"sell"
1466383586,19996394,765.1,0.42122546,"sell"
1466383590,19996396,765.1,0.353961,"sell"
1466383591,19996398,765.1,0.12741354,"sell"
1466383593,19996400,765.09,0.01,"sell"
1466383652,19996424,765,0.07203103,"sell"
1466383670,19996426,765,0.125,"sell"
1466383686,19996428,764.76,0.01130784,"sell"
1466383686,19996430,765,0.05296897,"sell"
1466383686,19996432,764.52,0.13572319,"sell"
1466383692,19996440,764.77,0.26641269,"buy"
1466383697,19996442,764.52,0.2,"sell"
1466383702,19996444,764.3,0.01,"sell"
1466383702,19996446,764.21,0.059,"sell"
1466383742,19996458,764.76,0.2,"sell"
1466383774,19996476,764.76,4.501608,"sell"
1466383774,19996478,764.76,5.800096,"sell"
1466383774,19996480,764.76,6.000096,"sell"
1466383777,19996482,764.76,2.76759597,"sell"
1466383777,19996484,764.76,6.00020401,"sell"
1466383777,19996486,764.76,6.00020401,"sell"
1466383777,19996488,764.76,1.49859601,"sell"
1466383801,19996490,764.76,3.23260804,"sell"
1466383801,19996492,764.76,6.00006,"sell"
1466383801,19996494,764.76,1.17237196,"sell"
1466383801,19996496,764.76,6.00006,"sell"
1466383802,19996498,764.77,0.035,"buy"
1466383829,19996510,764.77,0.01,"buy"
1466383837,19996512,764.76,6.01134943,"sell"
1466383837,19996514,764.76,2.66643728,"sell"
1466383837,19996516,764.76,6.01131329,"sell"
1466383850,19996518,763.76,1.70980361,"sell"
1466383850,19996520,764.02,0.01653998,"sell"
1466383850,19996522,764.76,0.60365641,"sell"
1466383850,19996524,764.01,0.27,"sell"
1466383861,19996530,764.02,0.0142041,"buy"
1466383868,19996534,763.56,0.5,"sell"
1466383868,19996536,763.55,0.08523426,"sell"
1466383868,19996538,764.01,0.21476574,"sell"
1466383869,19996540,763.64,0.05,"buy"
1466383870,19996546,763.64,0.05944932,"buy"
1466383876,19996548,763.54,0.01,"sell"
1466383876,19996550,763.63,0.01,"sell"
1466383891,19996552,764.01,0.01,"sell"
1466383934,19996554,764.02,0.158,"buy"
1466383945,19996556,764.02,0.092,"buy"
1466383947,19996558,764.01,4.4326723,"sell"
1466383947,19996560,764.02,0.25,"buy"
1466383947,19996562,764.01,0.5673277,"sell"
1466383947,19996564,764.02,0.25,"buy"
1466383953,19996566,764.02,2.23,"buy"
1466383975,19996568,764.02,0.059,"buy"
1466383985,19996580,764.02,0.034,"buy"
1466383986,19996582,764.01,0.024785,"sell"
1466383994,19996596,764.01,0.0208,"sell"
1466383995,19996598,764.02,0.021,"buy"
1466384006,19996602,764.02,0.012,"buy"
1466384012,19996604,764.01,0.19016842,"sell"
1466384029,19996612,764.01,0.139467,"sell"
1466384043,19996626,764.02,0.00721989,"buy"
1466384043,19996628,764.02,0.13097713,"buy"
1466384150,19996642,764.02,0.25580298,"buy"
1466384162,19996648,764.75,0.1148225,"sell"
1466384172,19996680,764.95,0.02870301,"buy"
1466384178,19996682,765.01,3.4189783,"buy"
1466384211,19996684,765,1,"sell"
1466384267,19996692,765.12,0.02902008,"buy"
1466384269,19996700,765.12,0.02499459,"buy"
1466384292,19996714,765.11,0.26178993,"sell"
1466384293,19996720,765.12,0.37678407,"buy"
1466384327,19996728,765.11,0.037,"sell"
1466384334,19996730,765.3,0.2,"buy"
1466384343,19996734,765.14,0.03494907,"sell"
1466384343,19996736,765.13,0.5,"sell"
1466384343,19996738,765.12,1.29115874,"sell"
1466384371,19996760,765.3,0.86444363,"buy"
1466384371,19996762,765.3,0.07604359,"buy"
1466384373,19996768,765.29,0.026,"sell"
1466384374,19996770,765.3,0.04111645,"buy"
1466384395,19996774,765.3,0.0390523,"buy"
1466384397,19996786,765.3,0.04073693,"buy"
1466384397,19996790,765.29,0.01134782,"sell"
1466384399,19996794,765.3,0.03912272,"buy"
1466384399,19996796,765.3,0.0390523,"buy"
1466384404,19996804,765.3,1,"buy"
1466384409,19996810,765.3,0.16043208,"buy"
1466384412,19996818,765.38,0.08191943,"buy"
1466384415,19996820,765.38,0.2,"buy"
1466384423,19996828,765.38,0.07766287,"buy"
1466384429,19996830,765.37,0.06613326,"sell"
1466384430,19996838,765.37,2.41557564,"sell"
1466384430,19996840,765.5,0.12775857,"buy"
1466384430,19996844,765.38,0.08570962,"sell"
1466384434,19996858,765.39,0.87506157,"buy"
1466384435,19996860,765.39,0.02637532,"buy"
1466384437,19996870,765.39,1,"buy"
1466384468,19996876,765.38,0.01762063,"sell"
1466384488,19996880,765.38,5.99682168,"sell"
1466384488,19996882,765.38,0.12820836,"sell"
1466384488,19996884,765.38,0.12,"sell"
1466384492,19996886,765.36,0.12816608,"sell"
1466384492,19996888,765.35,5.38052463,"sell"
1466384496,19996890,765.3,1.14,"sell"
1466384512,19996892,765.3,1.86,"sell"
1466384514,19996894,765.17,0.05,"sell"
1466384514,19996896,765.17,5.9,"sell"
1466384516,19996898,765.17,0.01,"buy"
1466384518,19996900,764.78,5.99434134,"sell"
1466384519,19996902,764.73,0.0349,"sell"
1466384519,19996904,764.73,0.26971844,"sell"
1466384521,19996906,764.73,5.69904379,"sell"
1466384526,19996908,764.56,6.00488798,"sell"
1466384526,19996910,764.56,1.88001202,"buy"
1466384537,19996918,764.25,2.121,"buy"
1466384542,19996920,764.24,1.53,"buy"
1466384545,19996922,764.11,0.1,"sell"
1466384547,19996924,764.1,0.1,"buy"
1466384552,19996926,763.96,0.5,"buy"
1466384552,19996928,763.96,1.04,"buy"
1466384569,19996930,763.64,0.03,"sell"
1466384569,19996932,763.47,3.38214034,"sell"
1466384598,19996944,763.33,0.151,"sell"
1466384598,19996946,763.18,0.009,"sell"
1466384603,19996950,763.35,0.03805981,"buy"
1466384603,19996954,763.35,0.06040612,"buy"
1466384604,19996958,763.35,0.07471968,"buy"
1466384609,19996962,763.35,0.519,"buy"
1466384621,19996966,763.35,0.509,"buy"
1466384668,19996968,763.34,0.06686706,"buy"
1466384668,19996970,763.34,0.04124964,"buy"
1466384669,19996980,763.34,0.01066964,"buy"
1466384670,19996982,763.34,0.0531457,"buy"
1466384670,19996990,763.34,0.04132069,"buy"
1466384670,19996996,763.34,0.04132402,"buy"
1466384672,19997004,763.35,0.322,"buy"
1466384674,19997012,763.46,0.01,"buy"
1466384674,19997018,763.6,0.03132069,"buy"
1466384677,19997026,763.6,0.03132069,"buy"
1466384677,19997028,763.6,0.04132681,"buy"
1466384678,19997034,763.6,0.03132069,"buy"
1466384678,19997038,763.6,0.04140133,"buy"
1466384679,19997042,763.6,0.04132681,"buy"
1466384680,19997044,763.6,0.04139799,"buy"
1466384680,19997050,763.6,0.04140133,"buy"
1466384686,19997062,763.59,0.06746678,"buy"
1466384690,19997068,763.59,0.08738876,"buy"
1466384690,19997070,763.59,0.06746678,"buy"
1466384730,19997078,763.61,0.33389845,"sell"
1466384730,19997080,763.62,0.06073535,"sell"
1466384731,19997082,763.59,0.33389845,"buy"
1466384732,19997084,764.34,0.15,"buy"
1466384732,19997086,764.21,0.05,"buy"
1466384733,19997088,763.61,0.08272504,"buy"
1466384749,19997092,763.61,0.09855396,"buy"
1466384749,19997094,763.59,0.03,"buy"
1466384752,19997098,763.61,0.12855396,"buy"
1466384755,19997108,763.61,0.08791981,"buy"
1466384757,19997120,763.61,0.08793469,"buy"
1466384757,19997124,763.61,0.06849442,"buy"
1466384757,19997128,763.61,0.08791981,"buy"
1466384759,19997134,763.61,0.03789085,"buy"
1466384766,19997148,763.61,0.11440753,"buy"
1466384767,19997150,763.61,0.1177233,"buy"
1466384770,19997152,763.61,0.1177233,"buy"
1466384802,19997160,763.58,0.0393,"buy"
1466384812,19997162,763.58,0.10557669,"buy"
1466384813,19997168,763.58,0.05725308,"buy"
1466384815,19997172,763.58,0.10574149,"buy"
1466384815,19997174,763.58,0.15146079,"buy"
1466384815,19997176,763.58,0.08364215,"buy"
1466384816,19997184,763.58,0.07158971,"buy"
1466384817,19997196,763.58,0.15173391,"buy"
1466384837,19997222,763.58,0.1324,"buy"
1466384853,19997224,763.58,0.80534002,"buy"
1466384894,19997234,763.58,0.04791062,"buy"
1466384901,19997236,763.57,0.05654555,"sell"
1466384915,19997238,763.55,1,"sell"
1466384915,19997240,763.55,2.91,"sell"
1466384915,19997242,763.55,0.09,"sell"
1466384932,19997246,763.55,5,"sell"
1466384944,19997248,763.54,0.16627,"sell"
1466384970,19997250,763.52,0.3274712,"sell"
1466385006,19997258,763.5,0.01762851,"buy"
1466385011,19997260,763.5,0.1442923,"buy"
1466385035,19997268,763.5,0.45552307,"buy"
1466385100,19997272,763.49,0.10498096,"sell"
1466385115,19997278,763.49,0.31,"sell"
1466385124,19997280,763.5,1,"buy"
1466385183,19997284,763.49,0.01462246,"sell"
1466385287,19997334,763.49,0.08777103,"sell"
1466385288,19997342,763.5,0.01299732,"buy"
1466385291,19997370,763.5,0.18714492,"buy"
1466385309,19997418,763.49,0.5,"sell"
1466385350,19997420,763.49,0.560716,"sell"
1466385380,19997422,763.49,0.0176,"sell"
1466385409,19997424,763.49,0.01,"sell"
1466385422,19997426,763.49,0.07679,"sell"
1466385429,19997428,763.5,0.0226,"buy"
1466385443,19997430,763.49,0.539566,"sell"
1466385444,19997434,763.5,0.19363232,"buy"
1466385502,19997436,763.49,0.87466327,"sell"
1466385502,19997438,763.29,1.7,"sell"
1466385502,19997440,763.49,3.77795355,"sell"
1466385502,19997442,763.4,0.01,"sell"
1466385502,19997444,762.78,5,"sell"
1466385502,19997446,763,0.125,"sell"
1466385502,19997448,762.53,0.2518947,"sell"
1466385502,19997450,762.84,0.250001,"sell"
1466385502,19997452,763,0.2,"sell"
1466385502,19997454,763.49,1.25,"sell"
1466385502,19997456,763.47,2.51,"sell"
1466385502,19997458,763,0.25,"sell"
1466385502,19997460,763,5,"sell"
1466385504,19997462,763.49,1.25,"sell"
1466385506,19997464,763.48,1.25,"buy"
