"timestamp","tid","price","amount","type"
1466373074,19981324,0.0163,50.05,"sell"
1466373115,19981338,0.0163,1.00467,"sell"
1466373139,19981352,0.0163,94.7939,"sell"
1466373179,19981356,0.016302,2.353,"buy"
1466373181,19981358,0.0163,79,"sell"
1466373253,19981370,0.0163,2.1412402,"sell"
1466373360,19981380,0.0163,79,"sell"
1466373410,19981394,0.0163,8,"sell"
1466373480,19981408,0.0163,12.83899537,"sell"
1466373509,19981416,0.016303,0.1,"buy"
1466373509,19981418,0.01631,119.7664,"buy"
1466373509,19981420,0.016334,96.10594185,"buy"
1466373560,19981428,0.016327,0.4,"sell"
1466373560,19981430,0.01631,94.6,"sell"
1466373567,19981436,0.01631,75.68620942,"sell"
1466373567,19981438,0.016311,3.31379058,"sell"
1466373571,19981440,0.01631,79,"sell"
1466373671,19981460,0.016329,0.2,"buy"
1466373671,19981462,0.016338,9.809092,"buy"
1466373685,19981474,0.016338,20,"buy"
1466373690,19981476,0.016326,0.2,"sell"
1466373690,19981478,0.016322,3.68,"sell"
1466373690,19981480,0.016321,151.96,"sell"
1466373721,19981484,0.016342,0.2,"buy"
1466373721,19981486,0.016329,0.1,"buy"
1466373721,19981488,0.016352,1,"buy"
1466373721,19981490,0.016343,0.4,"buy"
1466373721,19981492,0.016339,0.4,"buy"
1466373721,19981494,0.016341,1,"buy"
1466373721,19981496,0.016338,3.236663,"buy"
1466373721,19981498,0.016399,3.663337,"buy"
1466373725,19981500,0.016398,75.47,"buy"
1466373725,19981502,0.016399,1.53,"buy"
1466373738,19981514,0.016393,0.4,"sell"
1466373738,19981516,0.016346,1.3,"sell"
1466373738,19981518,0.01636,0.1,"sell"
1466373738,19981520,0.016321,2.04,"sell"
1466373738,19981522,0.01633,2.7,"sell"
1466373741,19981528,0.016318,0.1,"buy"
1466373741,19981530,0.016321,3.08519679,"buy"
1466373742,19981536,0.016321,3.18573879,"buy"
1466373743,19981542,0.016321,2.00441994,"buy"
1466373744,19981548,0.016321,1.60686021,"buy"
1466373745,19981554,0.016321,1.47832568,"buy"
1466373745,19981558,0.016321,3.708,"buy"
1466373746,19981562,0.016321,2.41172719,"buy"
1466373747,19981566,0.016321,0.39678322,"buy"
1466373752,19981568,0.016321,54.58294818,"buy"
1466373752,19981570,0.016354,0.5,"buy"
1466373752,19981572,0.016364,1.6200793,"buy"
1466373752,19981574,0.01635,1.5,"buy"
1466373752,19981576,0.016354,2.7,"buy"
1466373754,19981582,0.016399,0.70681048,"buy"
1466373754,19981584,0.016364,1.3,"buy"
1466373754,19981586,0.016364,0.3799207,"buy"
1466373823,19981616,0.0164,4.655345,"buy"
1466373927,19981668,0.01639,0.1,"sell"
1466373927,19981670,0.016395,0.1,"sell"
1466373927,19981672,0.016365,0.32246061,"sell"
1466373934,19981674,0.0164,9.07332937,"buy"
1466373934,19981676,0.01637,0.2,"buy"
1466373934,19981678,0.016409,0.17761463,"buy"
1466374135,19981744,0.016336,2.7,"sell"
1466374135,19981746,0.016347,0.99582237,"sell"
1466374135,19981748,0.016311,0.85072972,"sell"
1466374135,19981750,0.016347,0.92953583,"sell"
1466374135,19981752,0.016369,2.6,"sell"
1466374135,19981754,0.016354,0.2,"sell"
1466374135,19981756,0.016313,0.2,"sell"
1466374135,19981758,0.0164,0.1,"sell"
1466374135,19981760,0.01632,0.5,"sell"
1466374135,19981762,0.016353,4,"sell"
1466374135,19981764,0.01632,0.2,"sell"
1466374135,19981766,0.016334,1.5,"sell"
1466374135,19981768,0.016346,2,"sell"
1466374135,19981770,0.01631,1.468,"sell"
1466374135,19981772,0.016301,83.3904,"sell"
1466374135,19981774,0.0163,2898.36551208,"sell"
1466374140,19981784,0.016308,0.2,"buy"
1466374141,19981786,0.016339,0.69999882,"buy"
1466374148,19981794,0.016339,1.67138808,"buy"
1466374152,19981800,0.01635,0.3,"buy"
1466374152,19981802,0.01635,0.2,"buy"
1466374152,19981804,0.016339,0.3286131,"buy"
1466374203,19981842,0.016355,0.3286131,"sell"
1466374203,19981844,0.016355,0.3286131,"sell"
1466374203,19981846,0.016354,0.34503803,"sell"
1466374309,19981912,0.016325,0.94616585,"sell"
1466374309,19981914,0.016354,0.05496197,"sell"
1466374359,19981938,0.01633,0.1,"buy"
1466374359,19981940,0.01637,0.4,"buy"
1466374359,19981942,0.01635,7.32297313,"buy"
1466374359,19981944,0.016431,84.6309415,"buy"
1466374359,19981946,0.016358,3.9,"buy"
1466374359,19981948,0.016401,0.3,"buy"
1466374359,19981950,0.016409,0.22238537,"buy"
1466374359,19981952,0.016385,2.6,"buy"
1466374359,19981954,0.01636,2.7,"buy"
1466374359,19981956,0.01636,3,"buy"
1466374359,19981958,0.01639,0.1,"buy"
1466374359,19981960,0.016371,4,"buy"
1466374362,19981962,0.01639,0.1,"buy"
1466374365,19981964,0.016399,0.1,"sell"
1466374380,19981972,0.016368,1.06049285,"sell"
1466374380,19981974,0.01634,2.6,"sell"
1466374380,19981976,0.016347,1.3,"sell"
1466374380,19981978,0.016368,1.3,"sell"
1466374380,19981980,0.016368,0.33950715,"sell"
1466374383,19981982,0.01634,1.3,"sell"
1466374392,19981984,0.016365,1.3,"buy"
1466374392,19981986,0.01639,0.1,"buy"
1466374392,19981988,0.016341,0.4,"buy"
1466374392,19981990,0.016364,142.16,"buy"
1466374392,19981992,0.016436,72.8508,"buy"
1466374392,19981994,0.016372,3.1,"buy"
1466374392,19981996,0.016384,2.7,"buy"
1466374392,19981998,0.016365,3.3,"buy"
1466374392,19982000,0.01645,25.40825181,"sell"
1466374393,19982006,0.01645,402.92926815,"sell"
1466374393,19982016,0.01645,8.12148215,"sell"
1466374393,19982020,0.01645,1.05932389,"sell"
1466374393,19982026,0.01645,0.57457772,"sell"
1466374394,19982030,0.01645,403.52560455,"sell"
1466374394,19982032,0.01645,1.37825999,"sell"
1466374395,19982038,0.01645,8.12148215,"sell"
1466374395,19982042,0.01645,0.57457772,"sell"
1466374395,19982044,0.01645,1.06123411,"sell"
1466374395,19982046,0.01645,9.5946188,"sell"
1466374396,19982050,0.01645,404.02167901,"sell"
1466374396,19982056,0.01645,125.39414339,"sell"
1466374397,19982060,0.01645,8.12148215,"sell"
1466374397,19982064,0.01645,398.025685,"sell"
1466374397,19982066,0.01645,177.7,"sell"
1466374398,19982068,0.01645,404.33155781,"sell"
1466374397,19982070,0.01645,3.05537174,"sell"
1466374398,19982074,0.01645,0.12262416,"sell"
1466374398,19982076,0.01645,1,"sell"
1466374399,19982078,0.01645,8.028226,"sell"
1466374399,19982080,0.01645,109.2763,"sell"
1466374399,19982082,0.01645,4.92945143,"sell"
1466374399,19982084,0.01645,34.1983336,"sell"
1466374401,19982092,0.01645,2.65027013,"sell"
1466374401,19982094,0.01645,260.881103,"sell"
1466374402,19982106,0.01645,260.81426825,"sell"
1466374402,19982108,0.01645,2.33495371,"sell"
1466374402,19982110,0.01645,2.90158352,"sell"
1466374402,19982116,0.01645,0.63260026,"sell"
1466374402,19982118,0.01645,0.37846742,"sell"
1466374403,19982126,0.01645,177.7,"sell"
1466374403,19982128,0.01645,1.82692296,"sell"
1466374404,19982130,0.01645,1.23585965,"sell"
1466374404,19982134,0.01645,62.741,"sell"
1466374404,19982136,0.01645,5,"sell"
1466374404,19982138,0.01645,177.7,"sell"
1466374405,19982142,0.01645,24.80048,"sell"
1466374405,19982144,0.01645,1.07989283,"sell"
1466374405,19982146,0.01645,1.23808821,"sell"
1466374406,19982148,0.01645,1.1,"sell"
1466374406,19982150,0.01645,143.589988,"sell"
1466374406,19982152,0.01645,2.24,"sell"
1466374406,19982156,0.01645,3.518116,"sell"
1466374407,19982158,0.01645,2.640289,"sell"
1466374406,19982160,0.01645,0.77537058,"sell"
1466374406,19982162,0.01645,32.500039,"sell"
1466374407,19982172,0.01645,141.349988,"sell"
1466374407,19982178,0.01645,2,"sell"
1466374407,19982180,0.01645,0.94674748,"sell"
1466374408,19982182,0.01645,0.77676876,"sell"
1466374408,19982184,0.01645,2.24,"sell"
1466374408,19982188,0.01645,2.24,"sell"
1466374408,19982190,0.01645,1.13,"sell"
1466374409,19982192,0.01645,3.35,"sell"
1466374409,19982194,0.01645,1.93,"sell"
1466374409,19982202,0.01645,4.65,"sell"
1466374409,19982206,0.01645,0.77676858,"sell"
1466374409,19982208,0.01645,1.1,"sell"
1466374409,19982210,0.01645,3.13,"sell"
1466374409,19982212,0.01645,2.24,"sell"
1466374409,19982214,0.01645,24.888012,"sell"
1466374409,19982216,0.01645,1.93,"sell"
1466374409,19982218,0.01645,4.65,"sell"
1466374409,19982220,0.01645,2.24,"sell"
1466374410,19982222,0.01645,0.12250398,"sell"
1466374410,19982228,0.01645,0.77816928,"sell"
1466374410,19982230,0.01645,2.24,"sell"
1466374410,19982234,0.01645,1.93,"sell"
1466374410,19982236,0.01645,1.1,"sell"
1466374410,19982238,0.01645,1.42,"sell"
1466374410,19982240,0.01645,1.93,"sell"
1466374410,19982242,0.01645,3.13,"sell"
1466374410,19982244,0.01645,2.24,"sell"
1466374410,19982246,0.01645,4.65,"sell"
1466374410,19982248,0.01645,1.129988,"sell"
1466374410,19982250,0.01645,17.208012,"sell"
1466374410,19982252,0.01645,1.93,"sell"
1466374410,19982254,0.01645,1.1,"sell"
1466374411,19982256,0.01645,1.93,"sell"
1466374411,19982258,0.016451,2.121936,"buy"
1466374411,19982260,0.01645,2.72,"sell"
1466374411,19982262,0.01645,2.72,"sell"
1466374411,19982264,0.01645,1.93,"sell"
1466374411,19982266,0.01645,2.23,"sell"
1466374411,19982268,0.01645,1.93,"sell"
1466374412,19982272,0.01645,1.93,"sell"
1466374412,19982274,0.01645,1.42,"sell"
1466374412,19982276,0.01645,2.24,"sell"
1466374412,19982278,0.01645,1.93,"sell"
1466374412,19982280,0.01645,1.129988,"sell"
1466374412,19982282,0.01645,3.13,"sell"
1466374412,19982284,0.01645,1.93,"sell"
1466374412,19982286,0.01645,2.24,"sell"
1466374412,19982288,0.01645,1.93,"sell"
1466374412,19982290,0.01645,1.41,"sell"
1466374412,19982292,0.01645,1.1,"sell"
1466374412,19982294,0.01645,1.93,"sell"
1466374412,19982296,0.01645,1.93,"sell"
1466374412,19982298,0.01645,1.1,"sell"
1466374412,19982300,0.01645,8.808012,"sell"
1466374412,19982304,0.01645,4.65,"sell"
1466374412,19982306,0.01645,0.94436769,"sell"
1466374412,19982308,0.01645,1.93,"sell"
1466374412,19982310,0.01645,2.72,"sell"
1466374412,19982312,0.01645,1.2,"sell"
1466374413,19982320,0.01645,2.23,"sell"
1466374413,19982324,0.01645,0.77676876,"sell"
1466374413,19982326,0.01645,1.93,"sell"
1466374413,19982328,0.01645,2.72,"sell"
1466374414,19982330,0.01645,1.93,"sell"
1466374413,19982332,0.01645,1.93,"sell"
1466374413,19982334,0.01645,1.93,"sell"
1466374413,19982336,0.01645,2.549988,"sell"
1466374413,19982338,0.01645,2.3,"sell"
1466374414,19982340,0.01645,1.93,"sell"
1466374414,19982342,0.01645,2.24,"sell"
1466374414,19982344,0.01645,1.93,"sell"
1466374414,19982346,0.01645,1.41,"sell"
1466374414,19982348,0.01645,1.93,"sell"
1466374414,19982350,0.01645,2.19538,"sell"
1466374414,19982352,0.01645,2.24,"sell"
1466374414,19982354,0.01645,1.1,"sell"
1466374414,19982356,0.01645,1.93,"sell"
1466374414,19982358,0.01645,1.93,"sell"
1466374414,19982360,0.01645,2.72,"sell"
1466374414,19982364,0.01645,1.93,"sell"
1466374414,19982366,0.01645,1.2,"sell"
1466374415,19982368,0.01645,2.23,"sell"
1466374414,19982370,0.01645,2.228012,"sell"
1466374414,19982372,0.01645,1.93,"sell"
1466374415,19982376,0.01645,1.93,"sell"
1466374415,19982378,0.01645,2.72,"sell"
1466374415,19982382,0.01645,1.23242331,"sell"
1466374414,19982384,0.01645,4.65,"sell"
1466374415,19982386,0.01645,2.72,"sell"
1466374415,19982388,0.01645,1.93,"sell"
1466374415,19982390,0.01645,2.549988,"sell"
1466374415,19982394,0.01645,1.93,"sell"
1466374415,19982396,0.01645,1.93,"sell"
1466374415,19982398,0.01645,2.24,"sell"
1466374415,19982400,0.01645,2.24,"sell"
1466374415,19982402,0.01645,1.93,"sell"
1466374415,19982404,0.01645,1.93,"sell"
1466374415,19982406,0.01645,1.93,"sell"
1466374415,19982408,0.01645,1.93,"sell"
1466374415,19982410,0.01645,1.93,"sell"
1466374415,19982412,0.01645,2.72,"sell"
1466374416,19982414,0.01645,1.2,"sell"
1466374415,19982416,0.01645,1.93,"sell"
1466374415,19982418,0.01645,1.41,"sell"
1466374416,19982420,0.01645,1.93,"sell"
1466374415,19982422,0.01645,1.1,"sell"
1466374415,19982424,0.01645,2.3,"sell"
1466374416,19982426,0.01645,1.93,"sell"
1466374416,19982428,0.01645,2.72,"sell"
1466374416,19982430,0.01645,2.23,"sell"
1466374416,19982432,0.01645,2.72,"sell"
1466374416,19982434,0.01645,2.228012,"sell"
1466374416,19982436,0.01645,1.93,"sell"
1466374416,19982438,0.01645,1.93,"sell"
1466374416,19982440,0.01645,1.06314453,"sell"
1466374416,19982444,0.01645,2.72,"sell"
1466374416,19982448,0.01645,1.93,"sell"
1466374416,19982450,0.01645,2.549988,"sell"
1466374416,19982452,0.01645,1.93,"sell"
1466374417,19982454,0.01645,1.93,"sell"
1466374417,19982456,0.01645,1.93,"sell"
1466374417,19982458,0.01645,1.93,"sell"
1466374417,19982460,0.01645,4.17,"sell"
1466374417,19982462,0.01645,2.24,"sell"
1466374417,19982464,0.01645,1.93,"sell"
1466374418,19982468,0.01645,0.66938729,"sell"
1466374419,19982480,0.01645,1.23409923,"sell"
1466374420,19982482,0.01645,0.80038028,"sell"
1466374421,19982484,0.01645,1.23825798,"sell"
1466374422,19982488,0.01645,1.33221124,"sell"
1466374423,19982494,0.01645,0.12250398,"sell"
1466374423,19982498,0.01645,1.29824073,"sell"
1466374424,19982502,0.01645,42.8676,"sell"
1466374424,19982506,0.01645,1.30999541,"sell"
1466374425,19982508,0.01645,14.96,"sell"
1466374425,19982510,0.01645,16.086,"sell"
1466374425,19982512,0.01645,4.65,"sell"
1466374426,19982514,0.01645,0.69693839,"sell"
1466374426,19982516,0.01645,6.409988,"sell"
1466374426,19982518,0.01645,1.93,"sell"
1466374427,19982520,0.01645,2.24,"sell"
1466374427,19982522,0.01645,1.1,"sell"
1466374428,19982524,0.01645,1.93,"sell"
1466374429,19982526,0.01645,5.832012,"sell"
1466374430,19982528,0.01645,5,"sell"
1466374431,19982530,0.01645,3.35,"sell"
1466374431,19982532,0.01645,0.75002032,"sell"
1466374431,19982540,0.01645,1.13,"sell"
1466374432,19982542,0.01645,1.30090342,"sell"
1466374432,19982552,0.01645,2.24,"sell"
1466374432,19982556,0.01645,1.30324927,"sell"
1466374433,19982562,0.01645,0.12250398,"sell"
1466374434,19982564,0.01645,1.04664766,"sell"
1466374434,19982566,0.01645,0.65900038,"sell"
1466374436,19982572,0.01645,1.04853502,"sell"
1466374436,19982574,0.01645,1.93,"sell"
1466374436,19982576,0.01645,11.068012,"sell"
1466374436,19982580,0.01645,3.35,"sell"
1466374436,19982582,0.01645,0.65830136,"sell"
1466374437,19982584,0.01645,2.936988,"sell"
1466374438,19982586,0.01645,4.65,"sell"
1466374438,19982588,0.01645,67.3097,"sell"
1466374438,19982590,0.01645,60.829536,"sell"
1466374444,19982600,0.01645,0.12250398,"sell"
1466374445,19982602,0.01645,8,"sell"
1466374448,19982606,0.01645,42.122,"sell"
1466374449,19982608,0.01645,100.9645,"sell"
1466374453,19982610,0.01645,7.878,"sell"
1466374454,19982612,0.01645,6.757,"sell"
1466374455,19982614,0.01645,0.12250398,"sell"
1466374458,19982616,0.01645,2.948,"sell"
1466374459,19982618,0.01645,50.963979,"sell"
1466374462,19982620,0.01645,2.4,"sell"
1466374462,19982622,0.01645,124.35384288,"sell"
1466374462,19982624,0.016418,2.6,"sell"
1466374462,19982626,0.016449,0.4,"sell"
1466374462,19982628,0.016401,0.505303,"sell"
1466374463,19982630,0.016449,0.348573,"buy"
1466374463,19982632,0.016434,2.6,"buy"
1466374464,19982634,0.016385,1.6,"sell"
1466374464,19982636,0.016401,0.294697,"sell"
1466374465,19982638,0.016433,1.8,"buy"
1466374465,19982640,0.016433,2.948573,"buy"
1466374465,19982642,0.016427,0.1,"buy"
1466374466,19982644,0.01641,0.1,"buy"
1466374468,19982646,0.016336,3,"sell"
1466374468,19982648,0.016335,2.574617,"sell"
1466374468,19982650,0.016368,4.4,"sell"
1466374468,19982652,0.016352,2,"sell"
1466374468,19982654,0.016346,3.2,"sell"
1466374468,19982656,0.016356,3.1,"sell"
1466374641,19982836,0.016339,0.1,"sell"
1466374641,19982838,0.016301,23.05915361,"sell"
1466374641,19982840,0.016302,118.6467,"sell"
1466374641,19982842,0.016325,1.16876339,"sell"
1466374641,19982844,0.016325,0.4,"sell"
1466374641,19982846,0.016335,1.425383,"sell"
1466374641,19982848,0.016323,2.7,"sell"
1466374641,19982850,0.01632,0.2,"sell"
1466374641,19982852,0.016319,2,"sell"
1466374645,19982856,0.016314,0.2,"buy"
1466374789,19982936,0.016341,0.1663203,"buy"
1466374880,19982990,0.016341,1.16512,"buy"
1466374888,19982998,0.016341,1.504,"buy"
1466374930,19983014,0.016341,1.5645597,"buy"
1466374955,19983022,0.016388,3.4,"buy"
1466374955,19983024,0.016361,3.1,"buy"
1466374955,19983026,0.016367,1.1,"buy"
1466374955,19983028,0.016377,4,"buy"
1466374955,19983030,0.01639,2.7,"buy"
1466374955,19983032,0.016377,2.7,"buy"
1466374955,19983034,0.016388,2,"buy"
1466374955,19983036,0.016377,2.4,"buy"
1466374955,19983038,0.016367,2,"buy"
1466374955,19983040,0.016398,2.4374,"buy"
1466374994,19983064,0.016398,1.9626,"buy"
1466375012,19983072,0.01641,1.6,"buy"
1466375012,19983074,0.01642,100,"buy"
1466375012,19983076,0.016419,0.8,"buy"
1466375014,19983078,0.01643,33,"buy"
1466375053,19983090,0.016429,3.51351351,"buy"
1466375061,19983098,0.01643,67,"buy"
1466375061,19983100,0.01644,100,"buy"
1466375061,19983102,0.01645,100,"buy"
1466375061,19983104,0.01643,118.0863,"buy"
1466375061,19983106,0.016429,31.00646219,"buy"
1466375061,19983108,0.01646,100,"buy"
1466375061,19983110,0.016461,3.84456494,"buy"
1466375061,19983112,0.016465,157.5693,"buy"
1466375061,19983114,0.0165,6.900689,"buy"
1466375061,19983116,0.016545,113.2785,"buy"
1466375061,19983118,0.016465,0.4,"buy"
1466375061,19983120,0.01651,2.15711,"buy"
1466375061,19983122,0.01647,100,"buy"
1466375061,19983124,0.0165,2.550255,"buy"
1466375061,19983126,0.016546,21.6456771,"buy"
1466375061,19983128,0.01649,0.1,"buy"
1466375061,19983130,0.01655,3.040303,"buy"
1466375061,19983132,0.016572,230.2862,"buy"
1466375061,19983134,0.01655,20,"buy"
1466375061,19983136,0.01658,0.92117386,"buy"
1466375061,19983138,0.016584,650,"buy"
1466375061,19983140,0.016584,157.894275,"buy"
1466375061,19983142,0.01661,0.9,"buy"
1466375061,19983144,0.01659,1,"buy"
1466375061,19983146,0.016616,9.47064922,"buy"
1466375061,19983148,0.0166,5,"buy"
1466375061,19983150,0.016621,908.76,"buy"
1466375061,19983152,0.016612,18.28153565,"buy"
1466375061,19983154,0.016631,2000,"buy"
1466375061,19983156,0.016622,13.12522743,"buy"
1466375061,19983158,0.01663,40,"buy"
1466375061,19983164,0.01668,0.5,"buy"
1466375061,19983170,0.016699,16.28177761,"buy"
1466375067,19983200,0.016495,1.5,"sell"
1466375068,19983204,0.016462,0.61718262,"sell"
1466375068,19983210,0.016495,0.4,"buy"
1466375068,19983214,0.016462,1.38281738,"sell"
1466375069,19983216,0.016421,1.55638979,"sell"
1466375070,19983236,0.016445,0.72944597,"sell"
1466375071,19983238,0.016461,2.1,"buy"
1466375072,19983244,0.016445,1.97055403,"sell"
1466375072,19983246,0.016429,0.2,"sell"
1466375073,19983256,0.01642,2.74384949,"sell"
1466375073,19983266,0.01642,1.97055403,"sell"
1466375073,19983268,0.01642,2.40604552,"sell"
1466375073,19983270,0.01642,1.97410685,"sell"
1466375074,19983274,0.01642,1.9698711,"sell"
1466375074,19983280,0.01642,2.34469829,"sell"
1466375074,19983282,0.01642,0.42330507,"sell"
1466375074,19983288,0.01642,0.42330507,"sell"
1466375075,19983292,0.01642,0.65735148,"sell"
1466375075,19983294,0.01642,5.03969755,"sell"
1466375076,19983308,0.01642,2.15874835,"sell"
1466375077,19983314,0.01642,1.42763692,"sell"
1466375077,19983320,0.01642,3.37336711,"sell"
1466375078,19983322,0.01642,22.78280946,"sell"
1466375078,19983324,0.01642,0.0003468,"sell"
1466375080,19983334,0.016412,1.29544101,"sell"
1466375086,19983352,0.016412,1.43137204,"sell"
1466375087,19983360,0.016412,1.43395316,"sell"
1466375088,19983366,0.016412,0.73923379,"sell"
1466375089,19983370,0.016408,0.69213825,"sell"
1466375091,19983378,0.016408,0.87817916,"sell"
1466375092,19983382,0.016408,0.87976273,"sell"
1466375094,19983392,0.016408,0.83506786,"sell"
1466375095,19983402,0.016408,0.83572992,"sell"
1466375097,19983406,0.016408,0.83572992,"sell"
1466375097,19983408,0.016408,0.83583436,"sell"
1466375099,19983416,0.016408,0.83593819,"sell"
1466375099,19983422,0.016408,0.83744559,"sell"
1466375102,19983428,0.016408,0.83581177,"sell"
1466375104,19983438,0.016408,0.83647383,"sell"
1466375105,19983442,0.016408,0.8379822,"sell"
1466375107,19983450,0.016408,0.83612386,"sell"
1466375109,19983454,0.016428,2.62,"buy"
1466375109,19983456,0.016411,1.97055403,"buy"
1466375109,19983458,0.016464,0.2,"buy"
1466375109,19983460,0.016429,56.6393,"buy"
1466375109,19983462,0.016443,4.7,"buy"
1466375109,19983464,0.016453,4.9,"buy"
1466375109,19983466,0.016464,1.7,"buy"
1466375109,19983468,0.016475,2.7,"buy"
1466375109,19983470,0.016459,0.4,"buy"
1466375109,19983472,0.016412,0.1,"buy"
1466375109,19983474,0.016475,1.6,"buy"
1466375109,19983476,0.016453,2.8,"buy"
1466375109,19983478,0.016476,3.7,"buy"
1466375109,19983480,0.016495,1.1,"buy"
1466375109,19983482,0.016486,2,"buy"
1466375109,19983484,0.01649,0.1,"buy"
1466375109,19983486,0.016578,140.00332806,"buy"
1466375109,19983488,0.016543,0.4,"buy"
1466375109,19983490,0.016511,1.5,"buy"
1466375109,19983492,0.016496,2.1,"buy"
1466375109,19983494,0.016688,349.29,"buy"
1466375109,19983496,0.016579,18.31790135,"buy"
1466375109,19983498,0.016688,93.007205,"buy"
1466375109,19983500,0.016691,12.17359547,"buy"
1466375109,19983502,0.016749,3.81847308,"buy"
1466375109,19983504,0.0167,5,"buy"
1466375109,19983506,0.016741,806.19,"buy"
1466375109,19983508,0.016759,0.83769892,"buy"
1466375109,19983510,0.01677,5,"buy"
1466375109,19983514,0.0168,5,"buy"
1466375109,19983516,0.01685,5,"buy"
1466375109,19983518,0.016788,350.736001,"buy"
1466375109,19983520,0.016773,0.80878322,"buy"
1466375109,19983522,0.01679,5,"buy"
1466375110,19983524,0.01685,12.17359547,"sell"
1466375110,19983526,0.01685,33.4697582,"sell"
1466375109,19983528,0.01685,0.8362277,"sell"
1466375111,19983532,0.01685,0.61899613,"sell"
1466375110,19983536,0.01685,0.79067613,"sell"
1466375111,19983538,0.01685,3.30966572,"sell"
1466375111,19983540,0.01685,177.7,"sell"
1466375111,19983546,0.01685,24.28503299,"sell"
1466375111,19983552,0.01685,0.41316691,"sell"
1466375111,19983554,0.01685,0.42869951,"sell"
1466375112,19983560,0.016852,317.90388672,"buy"
1466375111,19983562,0.01685,3.167613,"sell"
1466375111,19983566,0.01685,1.24525795,"sell"
1466375112,19983572,0.016852,5,"buy"
1466375112,19983576,0.016852,1000,"buy"
1466375112,19983580,0.01685,21.06509644,"sell"
1466375112,19983588,0.01685,375.24519493,"sell"
1466375112,19983596,0.01685,0.28277508,"sell"
1466375112,19983598,0.01685,3.44320235,"sell"
1466375112,19983606,0.01685,26.39788473,"sell"
1466375112,19983610,0.01685,0.55388996,"sell"
1466375112,19983620,0.01685,5.834,"sell"
1466375112,19983628,0.01685,0.41316691,"sell"
1466375113,19983630,0.01685,363.57258344,"sell"
1466375112,19983632,0.01685,0.42869951,"sell"
1466375113,19983636,0.01685,177.7,"sell"
1466375113,19983638,0.01685,19.367785,"sell"
1466375114,19983640,0.01685,363.57258344,"sell"
1466375113,19983644,0.01685,10,"sell"
1466375113,19983646,0.01685,1.26501581,"sell"
1466375114,19983652,0.01685,0.41316691,"sell"
1466375114,19983654,0.01685,0.28277508,"sell"
1466375114,19983656,0.01685,0.42869951,"sell"
1466375114,19983662,0.01685,0.39416094,"sell"
1466375114,19983668,0.01685,363.57258344,"sell"
1466375114,19983672,0.01685,3.44320235,"sell"
1466375114,19983680,0.01685,112.47200433,"sell"
1466375117,19983726,0.01663,0.2,"sell"
1466375117,19983730,0.01663,0.2,"sell"
1466375117,19983732,0.01663,1.4,"sell"
1466375117,19983734,0.01663,1.4,"sell"
1466375117,19983736,0.01663,0.6,"sell"
1466375118,19983744,0.01663,2.8,"sell"
1466375118,19983746,0.016573,0.9,"sell"
1466375118,19983750,0.016537,3.1,"buy"
1466375118,19983752,0.016607,0.2,"sell"
1466375118,19983756,0.01654,0.7,"sell"
1466375118,19983758,0.01654,0.9,"sell"
1466375118,19983762,0.016573,3.8,"sell"
1466375118,19983768,0.016506,4,"sell"
1466375118,19983784,0.016506,0.1,"buy"
1466375118,19983792,0.016537,0.45524041,"buy"
1466375118,19983796,0.016631,0.88155039,"sell"
1466375118,19983798,0.016631,2.24179202,"sell"
1466375118,19983800,0.016631,0.28277508,"sell"
1466375119,19983804,0.016631,2.7386421,"sell"
1466375119,19983806,0.016631,4.01991087,"sell"
1466375119,19983808,0.016631,0.41316691,"sell"
1466375119,19983814,0.016574,1.14806261,"sell"
1466375119,19983816,0.016631,0.11498483,"sell"
1466375119,19983818,0.016631,0.45193739,"sell"
1466375119,19983820,0.016581,0.6,"sell"
1466375119,19983822,0.016631,1.6,"sell"
1466375119,19983846,0.016574,0.28277508,"sell"
1466375120,19983854,0.016574,0.41316691,"sell"
1466375121,19983874,0.016574,0.41316691,"sell"
1466375121,19983880,0.016574,0.92889218,"sell"
1466375122,19983894,0.016455,12.15436038,"sell"
1466375122,19983896,0.016473,0.1,"sell"
1466375123,19983908,0.016453,2.24179202,"sell"
1466375123,19983928,0.016454,2.24179202,"sell"
1466375125,19983980,0.016453,1.45820798,"sell"
1466375126,19983988,0.016412,2.7,"sell"
1466375126,19983990,0.016442,0.4,"sell"
1466375126,19983994,0.016427,4.7,"sell"
1466375126,19983996,0.016408,1.9385826,"sell"
1466375126,19984000,0.016429,1.7,"sell"
1466375126,19984004,0.016446,1.6,"sell"
1466375131,19984054,0.016408,26.39788473,"sell"
1466375131,19984058,0.016462,2.876237,"buy"
1466375131,19984060,0.016431,0.1,"buy"
1466375134,19984086,0.016415,0.1,"sell"
1466375134,19984088,0.016408,2.14179202,"sell"
1466375139,19984130,0.01643,0.41316691,"buy"
1466375139,19984132,0.016421,0.2,"buy"
1466375147,19984204,0.016452,1.8,"buy"
1466375147,19984206,0.016459,108.57,"buy"
1466375170,19984210,0.01646,159.8,"sell"
1466375170,19984212,0.016464,0.2,"sell"
1466375171,19984214,0.01646,26.946,"sell"
1466375199,19984220,0.016465,0.2,"buy"
1466375199,19984222,0.016485,0.5,"buy"
1466375199,19984224,0.01648,0.2,"buy"
1466375199,19984226,0.016499,54.4,"buy"
1466375199,19984228,0.016469,4.7,"buy"
1466375204,19984240,0.016487,0.2,"sell"
1466375218,19984254,0.016462,0.5,"sell"
1466375218,19984258,0.016462,1.49513921,"sell"
1466375219,19984262,0.016462,1.99466313,"sell"
1466375221,19984264,0.016462,0.16622543,"sell"
1466375221,19984266,0.016462,1.04397223,"sell"
1466375223,19984270,0.01646,47,"sell"
1466375224,19984272,0.01646,0.23042279,"sell"
1466375225,19984274,0.01646,18.42393313,"sell"
1466375228,19984276,0.01646,0.2,"sell"
1466375228,19984278,0.01646,0.2,"sell"
1466375228,19984280,0.01646,0.2,"sell"
1466375232,19984282,0.0165,34.6896,"buy"
1466375232,19984284,0.016463,0.4,"buy"
1466375232,19984286,0.016502,2.2,"buy"
1466375232,19984288,0.0165,52.0345,"buy"
1466375232,19984290,0.016503,0.2,"buy"
1466375232,19984292,0.016485,2.4,"buy"
1466375232,19984294,0.016479,18.3,"buy"
1466375232,19984296,0.016485,4.7,"buy"
1466375232,19984298,0.01648,1,"buy"
1466375232,19984300,0.016518,0.2,"buy"
1466375233,19984302,0.01652,1.00545934,"sell"
1466375234,19984304,0.01652,364.76321088,"sell"
1466375234,19984312,0.01652,16.630878,"sell"
1466375234,19984322,0.01652,4.01543201,"sell"
1466375235,19984324,0.01652,34.752477,"sell"
1466375235,19984326,0.01652,0.79515461,"sell"
1466375235,19984330,0.01652,0.28933648,"sell"
1466375235,19984332,0.01652,3.523097,"sell"
1466375235,19984336,0.01652,331.202532,"sell"
1466375236,19984358,0.01652,34.752477,"sell"
1466375236,19984364,0.01652,3.09849307,"sell"
1466375236,19984368,0.01652,51.787851,"sell"
1466375236,19984374,0.01652,23.552351,"sell"
1466375236,19984376,0.01652,0.25446562,"sell"
1466375237,19984378,0.01652,52.125719,"sell"
1466375236,19984380,0.01652,1.27252739,"sell"
1466375237,19984382,0.01652,799.956506,"sell"
1466375237,19984386,0.01652,1.02542,"sell"
1466375237,19984392,0.01652,0.20338892,"sell"
1466375238,19984396,0.01652,120.08879507,"sell"
1466375238,19984398,0.01652,94.758359,"sell"
1466375238,19984408,0.01652,3.45586481,"sell"
1466375238,19984410,0.01652,0.17621345,"sell"
1466375238,19984414,0.01652,1.30459807,"sell"
1466375239,19984422,0.01652,52.294885,"sell"
1466375240,19984432,0.01652,1.27645723,"sell"
1466375240,19984434,0.01652,67.79391006,"sell"
1466375240,19984436,0.01652,52.294885,"sell"
1466375241,19984442,0.01652,0.13295854,"sell"
1466375241,19984444,0.01652,1.30459807,"sell"
1466375241,19984446,0.01652,1.01934882,"sell"
1466375241,19984450,0.01652,0.17621345,"sell"
1466375241,19984454,0.01652,7.81500765,"sell"
1466375241,19984458,0.01652,22.036826,"sell"
1466375241,19984460,0.01652,1.27645723,"sell"
1466375241,19984464,0.01652,274.213551,"sell"
1466375241,19984472,0.01652,6.01336069,"sell"
1466375241,19984476,0.01652,0.78435176,"sell"
1466375242,19984478,0.01652,0.54387562,"sell"
1466375242,19984480,0.01652,1.01934882,"sell"
1466375242,19984486,0.01652,0.1549513,"sell"
1466375242,19984496,0.01652,4.16971308,"sell"
1466375242,19984498,0.01652,50,"sell"
1466375242,19984500,0.01652,1.88676009,"sell"
1466375242,19984504,0.01652,4.42677997,"sell"
1466375244,19984522,0.01652,0.17650581,"sell"
1466375244,19984524,0.01652,1.35321123,"sell"
1466375244,19984526,0.01652,0.84315292,"sell"
1466375243,19984528,0.01652,23.555,"sell"
1466375244,19984530,0.01652,4.16971308,"sell"
1466375244,19984532,0.01652,10.37461942,"sell"
1466375244,19984534,0.01652,3.56985867,"sell"
1466375244,19984536,0.01652,0.54387562,"sell"
1466375244,19984542,0.01652,0.46563375,"sell"
1466375244,19984544,0.01652,0.68983603,"sell"
1466375244,19984566,0.01652,0.10852796,"sell"
1466375244,19984572,0.01652,0.83204768,"sell"
1466375244,19984574,0.01652,1.83406015,"sell"
1466375245,19984576,0.01652,17.89551778,"sell"
1466375245,19984580,0.01652,2.33419815,"sell"
1466375245,19984582,0.01652,4.42677997,"sell"
1466375246,19984606,0.01652,23.555,"sell"
1466375247,19984608,0.01652,77.5945,"sell"
1466375247,19984620,0.01652,1.95476104,"sell"
1466375247,19984628,0.01652,8.2169061,"sell"
1466375247,19984630,0.01652,14.98650358,"sell"
1466375247,19984636,0.01652,4.42677997,"sell"
1466375247,19984638,0.01652,1.07177035,"sell"
1466375247,19984654,0.01652,0.13979613,"sell"
1466375248,19984672,0.01652,2.45628667,"sell"
1466375248,19984678,0.01652,1.83406015,"sell"
1466375248,19984680,0.01652,8.16392514,"sell"
1466375248,19984684,0.01652,0.10852796,"sell"
1466375248,19984686,0.01652,42.6062,"sell"
1466375248,19984688,0.01652,2.33419815,"sell"
1466375248,19984690,0.01652,4.42677997,"sell"
1466375248,19984694,0.01652,0.83204768,"sell"
1466375249,19984702,0.01652,25.013837,"sell"
1466375249,19984716,0.01652,14.98650358,"sell"
1466375249,19984718,0.01652,43.650706,"sell"
1466375250,19984724,0.01652,43.838408,"sell"
1466375251,19984738,0.01652,66.597818,"sell"
1466375251,19984740,0.01652,230.198024,"sell"
1466375251,19984744,0.01652,14.581867,"sell"
1466375251,19984752,0.01652,0.12163231,"sell"
1466375251,19984754,0.01652,404.6444961,"sell"
1466375252,19984756,0.01652,17.89551778,"sell"
1466375252,19984758,0.01652,0.10852796,"sell"
1466375252,19984760,0.01652,0.83204768,"sell"
1466375252,19984762,0.01652,1.95476104,"sell"
1466375252,19984764,0.01652,20.92638359,"sell"
1466375252,19984766,0.01652,4.42677997,"sell"
1466375252,19984774,0.01652,2.7295284,"sell"
1466375254,19984802,0.01652,1.83406015,"sell"
1466375255,19984808,0.01652,14.98650358,"sell"
1466375255,19984824,0.01652,21.20328858,"sell"
1466375256,19984826,0.01652,4.78620486,"sell"
1466375256,19984828,0.01652,0.6242876,"sell"
1466375255,19984830,0.01652,2.33419815,"sell"
1466375256,19984832,0.01652,27.84571,"sell"
1466375258,19984856,0.01652,10.37664156,"sell"
1466375258,19984858,0.01652,0.17654021,"sell"
1466375258,19984864,0.01652,1.35347498,"sell"
1466375259,19984868,0.01652,14.03781356,"sell"
1466375259,19984872,0.01652,0.31418344,"sell"
1466375259,19984876,0.01652,18.46700473,"sell"
1466375259,19984882,0.01652,2.40873974,"sell"
1466375261,19984888,0.01652,18.81505527,"sell"
1466375261,19984892,0.01652,41.6665,"sell"
1466375261,19984896,0.01652,25.388811,"sell"
1466375261,19984898,0.01652,0.1216397,"sell"
1466375262,19984908,0.01652,18.46700473,"sell"
1466375262,19984910,0.01652,0.73516436,"sell"
1466375262,19984912,0.01652,21.6686885,"sell"
1466375262,19984914,0.01652,2.82635052,"sell"
1466375263,19984926,0.01652,336.739842,"sell"
1466375263,19984932,0.01652,2.74112398,"sell"
1466375263,19984936,0.01652,2.83144712,"sell"
1466375263,19984940,0.01652,21.01528386,"sell"
1466375263,19984946,0.01652,150.71405719,"sell"
1466375263,19984948,0.01652,216.49618966,"sell"
1466375264,19984956,0.01652,2.19226415,"sell"
1466375264,19984962,0.01652,16.8073585,"sell"
1466375265,19984972,0.01652,2.05355693,"sell"
1466375265,19984982,0.01652,2.85109803,"sell"
1466375266,19984988,0.01652,21.85841826,"sell"
1466375266,19984994,0.01652,0.25820525,"sell"
1466375266,19984996,0.01652,1.97957357,"sell"
1466375267,19985002,0.01652,21.52049401,"sell"
1466375267,19985006,0.01652,0.36613316,"sell"
1466375267,19985010,0.01652,2.80702095,"sell"
1466375267,19985016,0.01652,25.136288,"sell"
1466375268,19985026,0.01652,12.73449105,"sell"
1466375268,19985028,0.01652,1.66102057,"sell"
1466375268,19985030,0.01652,0.21665486,"sell"
1466375269,19985036,0.01652,0.24581083,"sell"
1466375269,19985042,0.01652,1.88454969,"sell"
1466375270,19985054,0.01652,10.506683,"sell"
1466375270,19985056,0.01652,1.58038778,"sell"
1466375270,19985060,0.01652,12.28298896,"sell"
1466375270,19985066,0.01652,1.602129,"sell"
1466375270,19985068,0.01652,0.20897335,"sell"
1466375271,19985070,0.01652,0.67090827,"sell"
1466375272,19985076,0.01652,0.1216471,"sell"
1466375272,19985078,0.01652,2.01771363,"sell"
1466375272,19985084,0.01652,15.46914108,"sell"
1466375273,19985094,0.01652,85.40930984,"sell"
1466375273,19985096,0.01652,2.64500553,"sell"
1466375274,19985104,0.01652,0.10495524,"buy"
1466375274,19985108,0.01652,15.65653804,"buy"
1466375274,19985110,0.01652,2.04215684,"buy"
1466375274,19985112,0.01652,0.1,"buy"
1466375274,19985116,0.016521,6.0404,"buy"
1466375275,19985118,0.01652,165.083,"sell"
1466375274,19985120,0.01652,0.80465685,"sell"
1466375274,19985124,0.01652,6.1690358,"buy"
1466375275,19985128,0.01652,6.53982211,"sell"
1466375275,19985130,0.01652,8.65869,"sell"
1466375276,19985138,0.01652,3.20937277,"sell"
1466375276,19985160,0.01652,288.63177235,"sell"
1466375285,19985196,0.01646,2.2,"sell"
1466375285,19985198,0.01646,0.2,"sell"
1466375285,19985200,0.016456,2.6,"sell"
1466375285,19985202,0.016452,2.39756307,"sell"
1466375285,19985204,0.01646,0.1,"sell"
1466375285,19985206,0.01646,1,"sell"
1466375285,19985208,0.01646,2.3,"sell"
1466375285,19985210,0.01646,3.4,"sell"
1466375285,19985212,0.01646,4,"sell"
1466375290,19985220,0.016461,0.1,"sell"
1466375299,19985222,0.016471,0.00035633,"buy"
1466375311,19985224,0.016457,14.99062438,"sell"
1466375338,19985248,0.016458,18.29787507,"sell"
1466375371,19985272,0.016452,3.9,"sell"
1466375371,19985274,0.016457,0.2,"sell"
1466375371,19985276,0.016449,0.2,"sell"
1466375371,19985278,0.016452,2.30243693,"sell"
1466375372,19985280,0.016448,11.64939697,"buy"
1466375390,19985292,0.01646,0.8003166,"buy"
1466375390,19985294,0.01646,20.78841094,"buy"
1466375390,19985296,0.01646,2.68822417,"buy"
1466375390,19985298,0.016461,0.2,"buy"
1466375400,19985312,0.016454,18.92721129,"sell"
1466375400,19985314,0.016464,0.2,"sell"
1466375426,19985326,0.016459,18.53642758,"sell"
1466375460,19985330,0.016459,5.98216192,"sell"
1466375460,19985332,0.016459,13.71855742,"sell"
1466375474,19985336,0.01646,0.1,"buy"
1466375474,19985338,0.016468,6.520178,"buy"
1466375475,19985340,0.016469,3.649822,"buy"
1466375475,19985342,0.016469,2.7,"buy"
1466375475,19985344,0.016469,0.250178,"buy"
1466375475,19985346,0.016472,0.519644,"buy"
1466375475,19985348,0.016472,2.6,"buy"
1466375475,19985350,0.016472,2.480356,"buy"
1466375476,19985354,0.016483,2.230178,"buy"
1466375476,19985356,0.01648,0.2,"buy"
1466375476,19985358,0.016483,0.8,"buy"
1466375476,19985360,0.016473,0.2,"buy"
1466375477,19985362,0.016483,1.069822,"buy"
1466375477,19985364,0.016483,1.2,"buy"
1466375477,19985366,0.016483,0.369822,"buy"
1466375477,19985368,0.016488,1,"buy"
1466375477,19985370,0.016488,0.2,"buy"
1466375477,19985372,0.016483,2.230178,"buy"
1466375477,19985374,0.016494,1.1,"buy"
1466375477,19985376,0.016494,4,"buy"
1466375479,19985380,0.016511,0.13431606,"sell"
1466375482,19985384,0.016514,0.1,"sell"
1466375483,19985386,0.016514,0.22780841,"buy"
1466375483,19985388,0.016514,0.1,"buy"
1466375483,19985390,0.01652,3.20937277,"buy"
1466375483,19985392,0.01652,0.22780841,"sell"
1466375489,19985396,0.016521,15.78965454,"sell"
1466375489,19985398,0.016528,0.2,"sell"
1466375494,19985400,0.016508,0.2,"buy"
1466375508,19985402,0.016511,16.96555949,"sell"
1466375508,19985404,0.01653,0.2,"sell"
1466375510,19985406,0.016533,0.55388996,"buy"
1466375510,19985408,0.016534,3.7,"buy"
1466375517,19985418,0.01654,44.74611004,"sell"
1466375517,19985420,0.01654,33.677315,"sell"
1466375518,19985422,0.01654,6.44170596,"buy"
1466375537,19985424,0.01652,19.94432164,"sell"
1466375570,19985430,0.01651,4,"sell"
1466375576,19985438,0.016499,0.2,"buy"
1466375588,19985440,0.0165,16.0948794,"sell"
1466375612,19985452,0.0165,2.7051206,"sell"
1466375612,19985454,0.016491,0.2,"sell"
1466375612,19985456,0.016494,1,"sell"
1466375612,19985458,0.016494,3.7,"sell"
1466375612,19985460,0.016509,0.2,"sell"
1466375612,19985462,0.016493,3.7,"sell"
1466375631,19985480,0.016483,0.2,"sell"
1466375631,19985482,0.016478,714.08,"sell"
1466375638,19985484,0.016477,4,"sell"
1466375660,19985500,0.01646,1.5,"sell"
1466375660,19985502,0.016459,3.1,"sell"
1466375660,19985504,0.01646,1.1,"sell"
1466375660,19985506,0.016459,0.2,"sell"
1466375660,19985508,0.01646,4.5,"sell"
1466375660,19985510,0.016452,2.7,"sell"
1466375660,19985512,0.016456,3,"sell"
1466375675,19985518,0.01645,6.854364,"sell"
1466375676,19985520,0.016436,1.8,"sell"
1466375676,19985522,0.016447,0.4,"sell"
1466375715,19985538,0.016431,14.17849942,"sell"
1466375751,19985576,0.01643,2.18683309,"sell"
1466375751,19985578,0.01643,2.545334,"sell"
1466375770,19985584,0.016408,14.04132034,"sell"
1466375771,19985586,0.016443,0.9,"buy"
1466375771,19985588,0.016413,0.1,"buy"
1466375804,19985598,0.016438,0.1,"sell"
1466375834,19985604,0.016408,17.45257595,"sell"
1466375861,19985632,0.01641,64.02933449,"sell"
1466375861,19985634,0.016408,77.34871981,"sell"
1466375861,19985636,0.016406,0.9,"sell"
1466375864,19985638,0.0164,0.9,"buy"
1466375878,19985640,0.016372,117.9792,"sell"
1466375878,19985642,0.01639,3.500461,"sell"
1466375878,19985644,0.016369,0.82866718,"sell"
1466375878,19985646,0.016367,606.595837,"sell"
1466375878,19985648,0.016369,3.11,"sell"
1466375878,19985650,0.016344,157.378,"sell"
1466375878,19985652,0.016339,1098.70783482,"sell"
1466375878,19985654,0.016343,3.1,"sell"
1466375878,19985656,0.01636,2.7,"sell"
1466375878,19985658,0.016352,3.4,"sell"
1466375878,19985660,0.016353,2.7,"sell"
1466375886,19985664,0.01635,0.2,"buy"
1466375889,19985670,0.016341,8.54903655,"sell"
1466375889,19985672,0.01634,150.23,"sell"
1466375889,19985674,0.016341,0.2,"sell"
1466375889,19985676,0.01632,3.8,"sell"
1466375889,19985678,0.016331,0.2,"sell"
1466375889,19985680,0.016319,1.1,"sell"
1466375889,19985682,0.01631,0.37076178,"sell"
1466375889,19985684,0.01631,0.50524592,"sell"
1466375889,19985686,0.016358,0.2,"sell"
1466375889,19985688,0.016335,2.3,"sell"
1466375889,19985690,0.01632,16,"sell"
1466375889,19985692,0.01632,12.666544,"sell"
1466375889,19985694,0.01631,0.13445563,"sell"
1466375889,19985696,0.0163,1099.63640703,"sell"
1466375889,19985698,0.0163,0.46764215,"sell"
1466375889,19985700,0.01631,0.53650993,"sell"
1466375889,19985702,0.0163,0.28573101,"sell"
1466375889,19985704,0.0163,0.77893406,"sell"
1466375889,19985706,0.0163,0.71525329,"sell"
1466375889,19985708,0.0163,0.49250999,"sell"
1466375889,19985710,0.0163,0.12941169,"sell"
1466375889,19985712,0.0163,0.92790114,"sell"
1466375889,19985714,0.0163,0.58353459,"sell"
1466375889,19985716,0.0163,0.66647922,"sell"
1466375889,19985718,0.0163,0.7042669,"sell"
1466375889,19985720,0.0163,0.23439145,"sell"
1466375889,19985722,0.0163,0.46498814,"sell"
1466375889,19985724,0.0163,0.72451126,"sell"
1466375889,19985726,0.0163,0.63540124,"sell"
1466375889,19985728,0.0163,0.33787491,"sell"
1466375889,19985730,0.0163,0.48627862,"sell"
1466375889,19985732,0.0163,0.17280335,"sell"
1466375889,19985734,0.0163,0.25786876,"sell"
1466375889,19985736,0.0163,0.74145001,"sell"
1466375889,19985738,0.0163,0.43133306,"sell"
1466375889,19985740,0.0163,0.75772523,"sell"
1466375889,19985742,0.0163,0.46762642,"sell"
1466375889,19985744,0.0163,0.88409256,"sell"
1466375889,19985746,0.0163,0.10397533,"sell"
1466375889,19985748,0.0163,0.75337219,"sell"
1466375889,19985750,0.0163,0.52838236,"sell"
1466375889,19985752,0.0163,0.76514077,"sell"
1466375889,19985754,0.0163,0.19909204,"sell"
1466375889,19985756,0.0163,0.36222246,"sell"
1466375889,19985758,0.0163,0.65823549,"sell"
1466375889,19985760,0.0163,0.85009741,"sell"
1466375889,19985762,0.0163,0.55520606,"sell"
1466375889,19985764,0.0163,0.26057064,"sell"
1466375889,19985766,0.0163,0.474711,"sell"
1466375890,19985772,0.0163,151.578,"buy"
1466375889,19985774,0.0163,0.84142923,"sell"
1466375890,19985776,0.0163,0.2,"buy"
1466375889,19985778,0.0163,0.98436981,"sell"
1466375889,19985780,0.0163,0.2,"buy"
1466375889,19985782,0.0163,0.56401759,"sell"
1466375889,19985784,0.0163,0.36425608,"sell"
1466375891,19985790,0.0163,8.54903655,"buy"
1466375891,19985792,0.0163,0.97608506,"buy"
1466375899,19985808,0.0163,4.09955375,"buy"
1466375899,19985812,0.0163,172.191,"buy"
1466375900,19985818,0.0163,97.19,"buy"
1466375900,19985820,0.0163,1.21510009,"buy"
1466375900,19985822,0.0163,246.7591762,"buy"
1466375909,19985832,0.016332,3.83498613,"buy"
1466375909,19985834,0.016305,0.1,"buy"
1466375911,19985842,0.016332,11.5,"buy"
1466375916,19985844,0.016331,0.4,"sell"
1466375916,19985846,0.016306,17.84829126,"sell"
1466375920,19985850,0.016301,35.55,"sell"
1466375921,19985852,0.0163,19.47,"buy"
1466375923,19985856,0.0163,1.47783725,"buy"
1466375925,19985866,0.0163,0.65967496,"buy"
1466375927,19985872,0.0163,1.11,"buy"
1466375928,19985874,0.0163,0.89782601,"buy"
1466375928,19985876,0.0163,0.77688742,"buy"
1466375930,19985888,0.0163,0.94632208,"buy"
1466375931,19985896,0.0163,7.54,"buy"
1466375933,19985898,0.0163,1.29701705,"buy"
1466375933,19985900,0.0163,1.68,"buy"
1466375934,19985904,0.0163,0.71516946,"buy"
1466375935,19985908,0.0163,1.64262338,"buy"
1466375937,19985926,0.0163,1.68,"buy"
1466375939,19985928,0.0163,1.75261777,"buy"
1466375940,19985936,0.0163,24.95,"buy"
1466375940,19985938,0.0163,34.6512,"buy"
1466375942,19985940,0.0163,5.57,"buy"
1466375942,19985948,0.0163,2.28182857,"buy"
1466375943,19985954,0.0163,20.11,"buy"
1466375943,19985956,0.0163,2.34419536,"buy"
1466375945,19985964,0.0163,2.8,"buy"
1466375947,19985966,0.0163,41.44,"buy"
1466375948,19985972,0.0163,1.04489171,"buy"
1466375948,19985974,0.0163,0.66324661,"buy"
1466375950,19985984,0.0163,14.15,"buy"
1466375950,19985986,0.0163,0.93228864,"buy"
1466375952,19985994,0.016298,19.77344321,"sell"
1466375952,19985996,0.0163,0.99729807,"buy"
1466375953,19986002,0.0163,0.68377524,"buy"
1466375963,19986016,0.0163,0.1,"buy"
1466375964,19986020,0.0163,0.1,"buy"
1466375965,19986022,0.0163,14.33363248,"buy"
1466375965,19986024,0.0163,4.06,"buy"
1466375966,19986026,0.0163,0.92331848,"buy"
1466375967,19986028,0.0163,9.4,"buy"
1466375968,19986034,0.0163,1.18430238,"buy"
1466375969,19986040,0.0163,2.09,"buy"
1466375972,19986042,0.016295,13.37448335,"sell"
1466375972,19986044,0.016291,4.28688756,"sell"
1466375975,19986056,0.0163,0.7978242,"buy"
1466375975,19986058,0.0163,1.30050224,"buy"
1466375987,19986074,0.0163,51.9768,"buy"
1466375991,19986076,0.016297,0.81439151,"sell"
1466375991,19986078,0.016291,3.31311244,"sell"
1466375991,19986080,0.016288,2.6,"sell"
1466375991,19986082,0.016281,34.79704969,"sell"
1466375991,19986084,0.016294,0.13897024,"sell"
1466375991,19986086,0.016282,142.97947363,"sell"
1466375991,19986088,0.016296,0.02338054,"buy"
1466375992,19986094,0.01626,2.700733,"sell"
1466375992,19986096,0.016292,44.64211259,"sell"
1466375992,19986098,0.016294,0.15973606,"sell"
1466375992,19986100,0.016281,34.50535031,"sell"
1466375992,19986102,0.016295,0.89124366,"sell"
1466375992,19986104,0.016261,1.58487954,"sell"
1466375992,19986106,0.016256,0.6,"sell"
1466375992,19986108,0.01628,7.273647,"sell"
1466375992,19986110,0.01625,0.39680606,"sell"
1466375992,19986112,0.016243,1,"sell"
1466375992,19986114,0.016259,2.2,"sell"
1466375992,19986116,0.016256,2.7,"sell"
1466375992,19986118,0.016237,1,"sell"
1466375992,19986120,0.016225,1,"sell"
1466375992,19986122,0.016231,1,"sell"
1466375992,19986124,0.01622,1,"sell"
1466375992,19986126,0.016215,1,"sell"
1466375992,19986128,0.01622,0.67248195,"sell"
1466375992,19986130,0.01622,2.160038,"sell"
1466375992,19986132,0.01621,14.36768519,"sell"
1466375992,19986134,0.01622,0.24157935,"sell"
1466375992,19986136,0.01622,0.79093104,"sell"
1466375992,19986138,0.01621,0.57927238,"sell"
1466375992,19986140,0.01621,0.17895647,"sell"
1466375992,19986142,0.01621,0.29754012,"sell"
1466375992,19986144,0.01621,0.94372808,"sell"
1466375992,19986146,0.01621,0.18195003,"sell"
1466375992,19986148,0.01621,0.54347646,"sell"
1466375992,19986150,0.01621,0.23752599,"sell"
1466375992,19986152,0.016206,86.628,"sell"
1466375992,19986154,0.016203,31.5356,"sell"
1466375992,19986156,0.01621,0.7753421,"sell"
1466375992,19986158,0.016192,1,"sell"
1466375992,19986160,0.0162,15,"sell"
1466375992,19986162,0.01618,1,"sell"
1466375992,19986164,0.016203,1,"sell"
1466375992,19986166,0.0162,0.1765064,"sell"
1466375992,19986168,0.0162,20,"sell"
1466375992,19986170,0.016186,72.295005,"sell"
1466375992,19986174,0.016174,0.661728,"buy"
1466375993,19986184,0.016174,0.38010675,"buy"
1466375993,19986190,0.016174,50.50457,"buy"
1466375993,19986192,0.016174,205.79391392,"buy"
1466375993,19986194,0.016174,33.32512255,"buy"
1466375993,19986196,0.016174,5.074432,"buy"
1466375999,19986224,0.0162,0.19141788,"sell"
1466375999,19986226,0.01621,0.80858212,"sell"
1466376001,19986228,0.0162,0.93388527,"sell"
1466376001,19986230,0.01615,84.800086,"sell"
1466376001,19986232,0.016148,0.85840125,"sell"
1466376001,19986234,0.01621,0.85030442,"sell"
1466376001,19986236,0.0162,0.22826641,"sell"
1466376001,19986238,0.016148,0.13304978,"sell"
1466376001,19986240,0.016169,1,"sell"
1466376001,19986242,0.016146,1,"sell"
1466376001,19986244,0.0162,0.46162477,"sell"
1466376001,19986246,0.0162,0.74737381,"sell"
1466376001,19986248,0.016186,63.728374,"sell"
1466376001,19986250,0.01615,20,"sell"
1466376001,19986252,0.01614,1,"sell"
1466376001,19986254,0.016139,63.53546754,"sell"
1466376001,19986256,0.016138,102.549841,"sell"
1466376001,19986258,0.016136,18.36884644,"sell"
1466376001,19986260,0.016131,1,"sell"
1466376001,19986262,0.016123,3.90668236,"sell"
1466376001,19986264,0.01611,7.719451,"sell"
1466376001,19986266,0.016091,1.07308777,"sell"
1466376001,19986268,0.016131,2.9,"sell"
1466376001,19986270,0.01609,2.865938,"sell"
1466376001,19986272,0.016,20,"sell"
1466376001,19986274,0.0161,15,"sell"
1466376001,19986276,0.01602,4.119147,"sell"
1466376001,19986278,0.016021,4.119147,"sell"
1466376001,19986280,0.016001,8.37492319,"sell"
1466376001,19986282,0.016,15,"sell"
1466376001,19986284,0.016111,25.6405601,"sell"
1466376001,19986286,0.015954,31.61612711,"sell"
1466376001,19986288,0.016039,130.248339,"sell"
1466376001,19986290,0.015976,12.10997588,"sell"
1466376001,19986292,0.01593,8.193526,"sell"
1466376001,19986294,0.016,10,"sell"
1466376001,19986296,0.01592,3.041592,"sell"
1466376001,19986298,0.01591,0.12043,"sell"
1466376001,19986300,0.015939,151.32218476,"sell"
1466376001,19986302,0.015904,7.05185255,"sell"
1466376001,19986304,0.015904,10.02002001,"sell"
1466376001,19986306,0.0159,20,"sell"
1466376001,19986308,0.0159,10,"sell"
1466376001,19986310,0.015825,118.43579891,"sell"
1466376001,19986312,0.0159,15,"sell"
1466376001,19986314,0.01588,0.92569667,"sell"
1466376005,19986328,0.016198,1.38810573,"buy"
1466376006,19986330,0.016197,1.17679185,"buy"
1466376007,19986336,0.016196,1.26625785,"buy"
1466376010,19986342,0.0161,4.09518797,"buy"
1466376011,19986344,0.0161,1.46229042,"buy"
1466376012,19986348,0.016099,8.968,"buy"
1466376012,19986350,0.016099,0.71804851,"buy"
1466376012,19986354,0.016099,1.55509644,"buy"
1466376014,19986356,0.016017,84.856404,"sell"
1466376014,19986358,0.016028,9.33787519,"sell"
1466376014,19986360,0.016027,0.72183974,"sell"
1466376014,19986362,0.016017,4.1,"sell"
1466376014,19986364,0.016021,657.65,"sell"
1466376014,19986366,0.016026,618.38387289,"sell"
1466376015,19986368,0.016,1.19,"buy"
1466376016,19986372,0.015826,1676.32,"sell"
1466376016,19986374,0.015915,101.267127,"sell"
1466376016,19986376,0.015979,8.347831,"sell"
1466376016,19986378,0.015813,319.086278,"sell"
1466376016,19986380,0.015963,31.52797,"sell"
1466376016,19986382,0.01581,63.4,"sell"
1466376016,19986384,0.0158,10,"sell"
1466376016,19986386,0.0158,13.606128,"sell"
1466376016,19986388,0.0158,15,"sell"
1466376016,19986390,0.0158,471.90144505,"buy"
1466376016,19986406,0.0158,1.525638,"buy"
1466376016,19986410,0.0158,11.90578995,"buy"
1466376017,19986412,0.016,22.791,"buy"
1466376019,19986414,0.016,1,"buy"
1466376020,19986418,0.016,3.28,"buy"
1466376021,19986422,0.016,20,"buy"
1466376022,19986424,0.016,1.83,"buy"
1466376022,19986426,0.016,1.282365,"buy"
1466376022,19986428,0.016,8.8478095,"buy"
1466376022,19986430,0.016,18.045103,"buy"
1466376023,19986432,0.016,18.842532,"buy"
1466376023,19986436,0.016,3.6,"buy"
1466376023,19986438,0.016,7.153425,"buy"
1466376024,19986440,0.016,6.782,"buy"
1466376024,19986442,0.016,10.35533758,"buy"
1466376024,19986444,0.016,2.3,"buy"
1466376024,19986446,0.016,1.510571,"buy"
1466376024,19986448,0.016,3.411472,"buy"
1466376024,19986450,0.016,9.00414023,"buy"
1466376025,19986452,0.016,1.752518,"buy"
1466376025,19986454,0.015923,650,"sell"
1466376025,19986456,0.015826,140.67673196,"sell"
1466376025,19986458,0.015829,549.28,"sell"
1466376025,19986460,0.015923,31.75767,"sell"
1466376025,19986462,0.015922,0.72714242,"sell"
1466376025,19986464,0.015914,18.62566362,"sell"
1466376025,19986466,0.015828,90.665054,"sell"
1466376025,19986468,0.01593,18.267738,"sell"
1466376026,19986472,0.016,12.5,"buy"
1466376026,19986476,0.016,40.836539,"buy"
1466376026,19986478,0.016,38.247482,"buy"
1466376026,19986480,0.015999,0.285,"buy"
1466376027,19986484,0.015999,12.215,"buy"
1466376027,19986486,0.016,12.809,"buy"
1466376028,19986494,0.016,4.046,"buy"
1466376028,19986496,0.016,26.671104,"buy"
1466376028,19986498,0.016,6.49,"buy"
1466376028,19986504,0.016,1.848188,"buy"
1466376029,19986508,0.016,8.2302474,"buy"
1466376029,19986510,0.016,30.66211897,"buy"
1466376029,19986512,0.016,2.195708,"buy"
1466376029,19986514,0.016,2.795,"buy"
1466376029,19986516,0.016,6.49,"buy"
1466376030,19986518,0.016,26.671104,"buy"
1466376030,19986520,0.016,7.53314036,"buy"
1466376030,19986522,0.016,1.848188,"buy"
1466376030,19986524,0.016,0.41253975,"buy"
1466376030,19986528,0.016,20,"buy"
1466376031,19986530,0.016,0.38296186,"buy"
1466376031,19986532,0.016,2.325979,"buy"
1466376031,19986534,0.016,2.664729,"buy"
1466376031,19986536,0.016,6.49,"buy"
1466376031,19986538,0.016,26.671104,"buy"
1466376031,19986540,0.016,3.58433248,"buy"
1466376032,19986542,0.016,1.848188,"buy"
1466376032,19986544,0.016,0.72564009,"buy"
1466376033,19986546,0.016,26.671104,"buy"
1466376033,19986548,0.016,4.990708,"buy"
1466376033,19986550,0.016,6.49,"buy"
1466376033,19986558,0.016,1.848188,"buy"
1466376033,19986562,0.016,8.35272621,"buy"
1466376034,19986566,0.016,4.990708,"buy"
1466376034,19986568,0.016,6.49,"buy"
1466376035,19986570,0.016,1.848188,"buy"
1466376035,19986572,0.016,26.671104,"buy"
1466376036,19986576,0.016,4.990708,"buy"
1466376036,19986578,0.016,8.35272621,"buy"
1466376036,19986580,0.016,6.49,"buy"
1466376037,19986584,0.016,16.234812,"buy"
1466376037,19986586,0.016,5.37348,"buy"
1466376037,19986588,0.016,6.911,"buy"
1466376038,19986596,0.016,4.990708,"buy"
1466376038,19986600,0.016,6.49,"buy"
1466376038,19986602,0.016,1.90938308,"buy"
1466376038,19986604,0.016,5.37348,"buy"
1466376038,19986606,0.016,4.081376,"buy"
1466376038,19986608,0.016,12.153436,"buy"
1466376039,19986610,0.016,4.28714954,"buy"
1466376039,19986612,0.016,6.911,"buy"
1466376039,19986614,0.016122,4.28714954,"buy"
1466376039,19986616,0.016,8.37760546,"buy"
1466376039,19986618,0.016,35.71285046,"buy"
1466376044,19986644,0.016002,14.76569276,"sell"
1466376058,19986652,0.01612,6.55870976,"buy"
1466376063,19986656,0.0161,2.47486284,"buy"
1466376067,19986658,0.0161,3.09968699,"buy"
1466376076,19986666,0.016002,14.02431198,"sell"
1466376076,19986668,0.016002,42.750036,"sell"
1466376081,19986672,0.016016,20,"buy"
1466376084,19986676,0.016015,0.71653328,"buy"
1466376084,19986678,0.016011,0.1,"buy"
1466376086,19986690,0.016002,1.92181912,"sell"
1466376087,19986692,0.01601,3.09924153,"buy"
1466376093,19986696,0.01601,20,"buy"
1466376093,19986700,0.01601,1.17837186,"buy"
1466376095,19986704,0.01601,0.1,"buy"
1466376099,19986708,0.01601,1.69858428,"buy"
1466376099,19986710,0.016008,0.2,"buy"
1466376102,19986712,0.01601,0.4,"buy"
1466376103,19986714,0.016002,19.55770314,"sell"
1466376106,19986718,0.01601,59.725045,"buy"
1466376106,19986720,0.016008,0.4,"buy"
1466376107,19986722,0.016002,7.01612976,"sell"
1466376107,19986724,0.016,2.98387024,"sell"
1466376107,19986726,0.01601,0.1,"buy"
1466376131,19986742,0.01601,18.102093,"buy"
1466376131,19986744,0.016006,0.1,"buy"
1466376132,19986746,0.01601,0.1,"buy"
1466376133,19986748,0.01601,1.14,"buy"
1466376134,19986750,0.01601,35,"buy"
1466376157,19986772,0.016008,0.1,"sell"
1466376159,19986776,0.01601,0.1,"buy"
1466376163,19986778,0.01601,17.84192905,"buy"
1466376171,19986788,0.01601,17.6697057,"buy"
1466376180,19986798,0.016009,1,"sell"
1466376180,19986800,0.01601,0.55116,"buy"
1466376191,19986806,0.016,1,"sell"
1466376191,19986808,0.016001,85.35,"sell"
1466376191,19986810,0.016,5.94067591,"sell"
1466376191,19986812,0.016,40,"sell"
1466376191,19986814,0.016,16.5,"sell"
1466376191,19986816,0.016,12.8043,"sell"
1466376212,19986820,0.015946,0.9,"sell"
1466376212,19986822,0.015916,4.3488,"sell"
1466376212,19986824,0.015945,141.982,"sell"
1466376212,19986826,0.015881,25.823143,"sell"
1466376212,19986828,0.015868,6.5231,"sell"
1466376212,19986830,0.015811,93.712776,"sell"
1466376212,19986832,0.015991,0.2,"sell"
1466376212,19986834,0.015864,27.841699,"sell"
1466376212,19986836,0.015772,0.73702295,"sell"
1466376212,19986838,0.015816,102.125036,"sell"
1466376212,19986840,0.01577,8.6975,"sell"
1466376212,19986842,0.015944,1.35613884,"sell"
1466376212,19986844,0.015992,0.4,"sell"
1466376212,19986846,0.01576,8.697743,"sell"
1466376212,19986848,0.01576,163.24943864,"sell"
1466376212,19986850,0.015759,1399.91543808,"sell"
1466376212,19986852,0.015761,3.98653179,"sell"
1466376213,19986854,0.015997,0.1,"buy"
1466376212,19986856,0.01576,9.5036327,"sell"
1466376213,19986858,0.015999,143.937,"buy"
1466376213,19986860,0.015999,153.966,"buy"
1466376214,19986862,0.015981,0.1,"sell"
1466376218,19986872,0.01591,0.1,"buy"
1466376218,19986874,0.015926,1,"buy"
1466376218,19986876,0.015942,0.8,"buy"
1466376218,19986878,0.015974,0.1,"buy"
1466376218,19986880,0.015958,4.6,"buy"
1466376221,19986884,0.015931,49.1,"sell"
1466376221,19986886,0.015942,0.9,"sell"
1466376226,19986890,0.015937,0.2,"buy"
1466376226,19986892,0.015974,0.07558,"buy"
1466376227,19986894,0.015931,50,"sell"
1466376229,19986896,0.015974,1.526042,"buy"
1466376241,19986906,0.015974,2.198378,"buy"
1466376244,19986912,0.015978,0.33645,"sell"
1466376244,19986914,0.01597,20,"sell"
1466376244,19986916,0.015978,0.2,"sell"
1466376245,19986918,0.01597,1.21977922,"buy"
1466376247,19986920,0.01596,0.1,"buy"
1466376247,19986922,0.01597,28.243,"buy"
1466376265,19986932,0.01597,0.00077078,"buy"
1466376265,19986934,0.01599,1.99922922,"buy"
1466376274,19986940,0.015949,3.89748368,"sell"
1466376274,19986942,0.015953,1.2,"sell"
1466376274,19986944,0.015952,2.5,"sell"
1466376274,19986946,0.015958,0.1,"sell"
1466376277,19986954,0.015941,3.9,"sell"
1466376277,19986956,0.015921,0.2,"sell"
1466376277,19986958,0.015949,154.07751632,"sell"
1466376277,19986960,0.015941,3.3,"sell"
1466376277,19986962,0.015932,0.9,"sell"
1466376277,19986964,0.01593,4.7,"sell"
1466376277,19986966,0.01592,2.9,"sell"
1466376277,19986968,0.01593,4.7,"sell"
1466376277,19986970,0.015909,1,"sell"
1466376277,19986972,0.01592,0.8,"sell"
1466376277,19986974,0.0159,113.85,"buy"
1466376278,19986976,0.0159,7.960056,"buy"
1466376278,19986978,0.0159,138.563314,"buy"
1466376278,19986980,0.0159,2.443314,"buy"
1466376278,19986982,0.0159,94.551929,"buy"
1466376279,19986984,0.0159,69.45204,"buy"
1466376279,19986986,0.0159,0.1252505,"buy"
1466376280,19986988,0.0159,25.251465,"buy"
1466376280,19986990,0.0159,2.443314,"buy"
1466376280,19986992,0.0159,138.563314,"buy"
1466376282,19986994,0.015892,0.2,"buy"
1466376282,19986996,0.0159,25.051465,"buy"
1466376282,19986998,0.0159,2.443314,"buy"
1466376282,19987000,0.0159,138.563314,"buy"
1466376282,19987002,0.0159,5.71,"buy"
1466376282,19987004,0.0159,3.46,"buy"
1466376282,19987006,0.0159,1.56,"buy"
1466376283,19987008,0.0159,5.45970925,"buy"
1466376283,19987010,0.0159,3.171611,"buy"
1466376283,19987012,0.0159,25.251465,"buy"
1466376283,19987014,0.0159,2.443314,"buy"
1466376284,19987016,0.0159,138.563314,"buy"
1466376284,19987018,0.0159,1.826666,"buy"
1466376285,19987022,0.0159,3.171611,"buy"
1466376285,19987024,0.0159,2.443314,"buy"
1466376285,19987026,0.0159,7.061606,"buy"
1466376285,19987028,0.0159,25.251465,"buy"
1466376285,19987030,0.0159,138.563314,"buy"
1466376286,19987032,0.0159,3.36837938,"buy"
1466376286,19987034,0.0159,1.826666,"buy"
1466376286,19987036,0.0159,1.2474094,"buy"
1466376286,19987038,0.0159,177.7,"buy"
1466376287,19987040,0.0159,1.69534453,"buy"
1466376287,19987042,0.0159,43.9373,"buy"
1466376287,19987044,0.0159,160.280994,"buy"
1466376288,19987046,0.0159,3.61244784,"buy"
1466376288,19987048,0.0159,25.251465,"buy"
1466376289,19987050,0.0159,49.923857,"buy"
1466376289,19987052,0.0159,2.396994,"buy"
1466376290,19987054,0.0159,25.099889,"buy"
1466376290,19987056,0.0159,7.11836399,"buy"
1466376290,19987058,0.0159,100.000001,"buy"
1466376291,19987060,0.0159,17.997639,"buy"
1466376291,19987062,0.0159,15.446631,"buy"
1466376292,19987064,0.0159,4.180377,"buy"
1466376292,19987066,0.0159,38.419623,"buy"
1466376292,19987068,0.0159,6.4,"buy"
1466376292,19987070,0.0159,1,"buy"
1466376292,19987072,0.0159,3.608332,"buy"
1466376293,19987074,0.0159,7.11836399,"buy"
1466376294,19987076,0.0159,2.6929278,"buy"
1466376294,19987078,0.0159,10.0904092,"buy"
1466376294,19987080,0.0159,0.4975802,"buy"
1466376294,19987082,0.0159,4.9095908,"buy"
1466376305,19987120,0.015939,0.2,"buy"
1466376305,19987122,0.015942,0.16459848,"buy"
1466376305,19987126,0.015922,0.8,"buy"
1466376306,19987128,0.015941,0.79889599,"buy"
1466376306,19987132,0.015941,0.10110401,"buy"
1466376306,19987138,0.015949,0.9,"buy"
1466376306,19987140,0.015942,2.63540152,"buy"
1466376306,19987142,0.015974,3.2,"buy"
1466376306,19987144,0.015942,3.6,"buy"
1466376306,19987146,0.015958,1.6,"buy"
1466376306,19987148,0.015968,2.5,"buy"
1466376306,19987150,0.015958,1.8,"buy"
1466376306,19987152,0.015958,3.1,"buy"
1466376306,19987154,0.015958,1.1,"buy"
1466376306,19987156,0.015974,1,"buy"
1466376306,19987160,0.015998,0.2,"buy"
1466376306,19987166,0.01599,0.00077078,"buy"
1466376306,19987170,0.016,4.1689375,"buy"
1466376307,19987180,0.016,104.67160825,"buy"
1466376307,19987182,0.016,105.99394762,"buy"
1466376308,19987192,0.015998,1.60077078,"sell"
1466376308,19987194,0.015998,471.02922922,"sell"
1466376312,19987202,0.016,1.16459848,"buy"
1466376312,19987204,0.016,0.52331907,"buy"
1466376312,19987206,0.016,0.52331907,"buy"
1466376313,19987208,0.016,15.07202,"buy"
1466376315,19987210,0.016,8.218,"buy"
1466376315,19987212,0.016,28.416265,"buy"
1466376321,19987214,0.016,54.12,"buy"
1466376332,19987216,0.016,15.533009,"buy"
1466376342,19987220,0.016006,3.536991,"buy"
1466376388,19987226,0.016005,162.951,"sell"
1466376388,19987228,0.016,1001,"sell"
1466376388,19987230,0.016,0.3943,"sell"
1466376389,19987232,0.016,7.6547,"buy"
1466376394,19987234,0.016006,0.963009,"buy"
1466376394,19987236,0.01601,0.096991,"buy"
1466376403,19987246,0.01601,2,"buy"
1466376405,19987248,0.01601,1,"buy"
1466376422,19987254,0.01601,0.1,"buy"
1466376423,19987256,0.01601,1,"buy"
1466376429,19987258,0.015985,0.2,"buy"
1466376429,19987260,0.01601,40.61600096,"buy"
1466376432,19987262,0.01601,0.1,"buy"
1466376445,19987270,0.015991,0.1,"buy"
1466376445,19987272,0.01601,299.9,"buy"
1466376446,19987274,0.01599,2,"sell"
1466376448,19987276,0.01601,0.2,"buy"
1466376451,19987278,0.01601,177.522,"buy"
1466376453,19987280,0.01601,145.003,"buy"
1466376454,19987282,0.01601,158.508,"buy"
1466376456,19987284,0.01601,173.435,"buy"
1466376458,19987286,0.01601,174.857,"buy"
1466376459,19987288,0.01601,66.71,"buy"
1466376461,19987290,0.01601,14.88,"buy"
1466376482,19987294,0.015998,0.1,"buy"
1466376486,19987296,0.01601,0.1,"buy"
1466376493,19987310,0.016007,0.2,"buy"
1466376493,19987312,0.01601,0.5968032,"buy"
1466376494,19987314,0.01601,0.2,"buy"
1466376496,19987316,0.01601,0.7968032,"buy"
1466376499,19987318,0.016007,0.4,"buy"
1466376499,19987320,0.01601,0.3968032,"buy"
1466376501,19987322,0.01601,0.1,"buy"
1466376502,19987324,0.01601,0.7968032,"buy"
1466376503,19987326,0.01601,4.2,"buy"
1466376505,19987328,0.01601,0.6972028,"buy"
1466376508,19987330,0.01601,0.5972028,"buy"
1466376508,19987332,0.016008,0.1,"buy"
1466376510,19987334,0.01601,0.1,"buy"
1466376510,19987336,0.01601,5,"buy"
1466376511,19987338,0.01601,0.6972028,"buy"
1466376513,19987342,0.01601,0.67590335,"buy"
1466376516,19987344,0.01601,4.4,"buy"
1466376516,19987346,0.01601,1,"buy"
1466376516,19987348,0.01601,120.6093,"buy"
1466376517,19987350,0.01601,34.10365,"buy"
1466376523,19987352,0.01601,0.6,"buy"
1466376527,19987354,0.01601,1,"buy"
1466376527,19987356,0.01601,1,"buy"
1466376527,19987358,0.01601,4.4,"buy"
1466376529,19987360,0.01601,4.02654556,"buy"
1466376530,19987362,0.01601,1,"buy"
1466376530,19987364,0.01601,4.4,"buy"
1466376534,19987372,0.01601,29.43523378,"buy"
1466376535,19987374,0.01601,4.4,"buy"
1466376535,19987376,0.01601,1,"buy"
1466376536,19987378,0.01601,3.92920612,"buy"
1466376537,19987386,0.01601,1.60137952,"buy"
1466376538,19987388,0.016004,42.74,"sell"
1466376538,19987390,0.016009,42.63,"sell"
1466376538,19987392,0.016002,26.63,"sell"
1466376542,19987408,0.01601,4,"buy"
1466376542,19987410,0.016007,0.2,"buy"
1466376542,19987412,0.016007,0.2,"buy"
1466376543,19987416,0.01601,0.2,"buy"
1466376543,19987420,0.01601,0.4,"buy"
1466376543,19987428,0.01601,1.1,"buy"
1466376545,19987430,0.01601,0.1,"buy"
1466376545,19987432,0.01601,5,"buy"
1466376546,19987434,0.01601,100,"buy"
1466376548,19987442,0.016001,4.01017918,"sell"
1466376548,19987446,0.016,1.12,"buy"
1466376548,19987448,0.016,103.9796356,"buy"
1466376549,19987462,0.016,2.780041,"buy"
1466376549,19987468,0.016,0.11014422,"buy"
1466376551,19987480,0.016001,0.1,"buy"
1466376553,19987484,0.01601,0.1,"buy"
1466376554,19987486,0.016006,112,"sell"
1466376557,19987488,0.01601,1,"buy"
1466376557,19987490,0.01601,3.00642,"buy"
1466376564,19987498,0.01601,36.90767001,"buy"
1466376565,19987500,0.01601,2.60100259,"buy"
1466376566,19987502,0.01601,0.12491412,"buy"
1466376569,19987508,0.016009,17.41,"sell"
1466376569,19987510,0.016007,94.59,"sell"
1466376571,19987512,0.01601,0.4,"buy"
1466376571,19987514,0.01601,1,"buy"
1466376571,19987516,0.01601,3.04,"buy"
1466376573,19987520,0.01601,0.12491412,"buy"
1466376574,19987522,0.01601,36.90767005,"buy"
1466376575,19987526,0.01601,1,"buy"
1466376575,19987528,0.01601,2.60100259,"buy"
1466376577,19987534,0.01601,15.78994918,"buy"
1466376576,19987536,0.016009,112,"sell"
1466376577,19987538,0.01601,20.50085115,"buy"
1466376580,19987542,0.01601,0.4,"buy"
1466376581,19987562,0.01601,0.12491412,"buy"
1466376582,19987564,0.016009,45.087,"sell"
1466376582,19987566,0.016007,45.438,"sell"
1466376582,19987568,0.016006,21.475,"sell"
1466376585,19987572,0.016007,20.50085115,"sell"
1466376585,19987574,0.016006,91.49914885,"sell"
1466376586,19987576,0.01601,0.2,"buy"
1466376588,19987578,0.01601,0.12492192,"buy"
1466376594,19987582,0.016006,111.8,"sell"
1466376594,19987584,0.016009,0.2,"sell"
1466376594,19987586,0.01601,0.2,"buy"
1466376601,19987590,0.01601,0.12492192,"buy"
1466376605,19987594,0.01601,0.07507808,"buy"
1466376609,19987596,0.016028,0.2,"buy"
1466376609,19987598,0.01603,0.2,"buy"
1466376609,19987600,0.016026,0.4,"buy"
1466376609,19987602,0.016036,1.6,"buy"
1466376609,19987604,0.016037,2.675,"buy"
1466376613,19987606,0.016036,1.1805,"buy"
1466376624,19987616,0.016101,0.676711,"buy"
1466376624,19987618,0.016101,0.923289,"buy"
1466376624,19987620,0.016069,1.1,"buy"
1466376624,19987622,0.016037,1.525,"buy"
1466376624,19987624,0.016101,0.6219888,"sell"
1466376625,19987626,0.016133,3.4,"buy"
1466376625,19987628,0.016143,13.71395632,"buy"
1466376625,19987630,0.016142,12.39695035,"buy"
1466376625,19987632,0.016132,0.14828933,"buy"
1466376626,19987634,0.016143,1.1,"buy"
1466376626,19987636,0.016143,1.525,"buy"
1466376643,19987648,0.016138,5.820007,"buy"
1466376682,19987652,0.016118,0.2,"sell"
1466376682,19987654,0.016088,3.6,"sell"
1466376682,19987656,0.016089,2.35,"sell"
1466376682,19987658,0.01609,1.1,"sell"
1466376682,19987660,0.016068,0.1,"sell"
1466376682,19987662,0.016067,2.65,"sell"
1466376684,19987664,0.016085,4.6,"buy"
1466376685,19987666,0.016078,0.4,"buy"
1466376685,19987668,0.016104,3.6,"buy"
1466376685,19987670,0.016104,0.9,"buy"
1466376697,19987672,0.016099,0.1,"sell"
1466376697,19987674,0.016087,9.9,"sell"
1466376703,19987676,0.016104,0.4,"buy"
1466376703,19987678,0.016104,0.4,"buy"
1466376734,19987680,0.016134,0.2,"buy"
1466376734,19987682,0.016143,124.42,"buy"
1466376744,19987684,0.016143,35.76155668,"buy"
1466376748,19987686,0.01618,19.818443,"buy"
1466376757,19987690,0.016143,7.96717213,"sell"
1466376762,19987692,0.016143,0.00034647,"sell"
1466376762,19987694,0.016168,0.4,"sell"
1466376762,19987696,0.016143,50.63292774,"sell"
1466376763,19987698,0.016143,41.38014965,"sell"
1466376767,19987712,0.016151,0.1,"buy"
1466376770,19987716,0.016184,0.4,"buy"
1466376771,19987718,0.01619,7.24101926,"buy"
1466376779,19987720,0.01619,40,"buy"
1466376828,19987722,0.0162,1.40041646,"buy"
1466376828,19987724,0.0162,7.41860255,"buy"
1466376828,19987726,0.016196,0.2,"buy"
1466376861,19987730,0.016161,0.5,"sell"
1466376861,19987732,0.016154,10.50731316,"sell"
1466376861,19987734,0.016191,0.4,"sell"
1466376878,19987742,0.016155,7.4384547,"sell"
1466376936,19987826,0.016159,0.4,"buy"
1466376936,19987828,0.016177,0.5,"buy"
1466376936,19987842,0.016177,4.9,"buy"
1466376936,19987850,0.016195,4.51,"buy"
1466376947,19987856,0.016195,44.78999,"buy"
1466376955,19987872,0.016207,0.4,"buy"
1466376955,19987874,0.01621,26.220232,"buy"
1466376963,19987878,0.016241,0.2,"sell"
1466376968,19987890,0.01622,0.2,"buy"
1466376968,19987892,0.016249,0.2,"buy"
1466376968,19987894,0.01625,5,"buy"
1466376968,19987896,0.016219,0.1,"buy"
1466376968,19987898,0.016259,0.2,"buy"
1466376968,19987900,0.016279,24.79752474,"buy"
1466376973,19987904,0.016219,0.1,"buy"
1466376990,19987922,0.016214,1.3,"sell"
1466376990,19987924,0.016214,120.2511,"sell"
1466376990,19987926,0.01621,73.379768,"sell"
1466377002,19987944,0.016196,4.49963118,"sell"
1466377016,19987964,0.016196,0.00036882,"sell"
1466377025,19987968,0.016184,0.12357884,"buy"
1466377027,19987978,0.016184,0.07642116,"buy"
1466377027,19987980,0.016214,0.98369084,"buy"
1466377051,19987984,0.016214,0.12335019,"buy"
1466377052,19987986,0.016214,3.39295897,"buy"
1466377052,19987988,0.016214,1,"buy"
1466377052,19987990,0.016216,2.2,"buy"
1466377052,19987992,0.01622,127.799118,"buy"
1466377053,19987994,0.01622,1.3,"buy"
1466377055,19988000,0.01623,1.3,"buy"
1466377055,19988002,0.01622,0.9,"buy"
1466377058,19988004,0.01622,4.5,"sell"
1466377058,19988006,0.016206,30.4,"sell"
1466377058,19988008,0.016251,0.1,"sell"
1466377061,19988010,0.016236,4.5,"buy"
1466377061,19988012,0.016222,0.4,"buy"
1466377061,19988014,0.016236,0.9,"buy"
1466377073,19988022,0.016271,7.37739294,"sell"
1466377073,19988024,0.016271,2.5546182,"sell"
1466377073,19988026,0.016271,0.1,"sell"
1466377076,19988040,0.016271,0.00035126,"sell"
1466377084,19988058,0.016273,2.55461784,"buy"
1466377084,19988060,0.016278,120.0319,"buy"
1466377084,19988062,0.016296,12.0978659,"buy"
1466377084,19988064,0.0163,85,"buy"
1466377084,19988066,0.016245,0.1,"buy"
1466377084,19988068,0.0163,38.661408,"buy"
1466377084,19988070,0.016322,26.66920826,"buy"
1466377092,19988078,0.016299,0.1,"sell"
1466377097,19988082,0.016347,4.9,"buy"
1466377097,19988084,0.016348,7.75563946,"buy"
1466377097,19988086,0.016316,650,"buy"
1466377097,19988088,0.016349,110.17382637,"buy"
1466377097,19988090,0.016316,8.48168911,"buy"
1466377097,19988092,0.016314,0.1,"buy"
1466377100,19988114,0.016274,0.1,"sell"
1466377100,19988116,0.016315,6.49802586,"buy"
1466377100,19988118,0.016349,10.85535297,"buy"
1466377100,19988120,0.016345,1.09,"buy"
1466377105,19988126,0.016304,0.2,"sell"
1466377107,19988134,0.0163,1.94880504,"sell"
1466377108,19988136,0.0163,0.2,"sell"
1466377122,19988142,0.016303,32.88164739,"sell"
1466377124,19988144,0.016302,6.0771887,"sell"
1466377124,19988146,0.016303,0.00032761,"sell"
1466377135,19988152,0.016302,66.398215,"sell"
1466377135,19988154,0.016303,33.601785,"sell"
1466377139,19988170,0.0163,1.45020228,"sell"
1466377139,19988172,0.0163,0.18915681,"sell"
1466377139,19988174,0.0163,11.11821749,"sell"
1466377139,19988176,0.0163,2.12863033,"sell"
1466377141,19988178,0.016301,31.24568744,"sell"
1466377142,19988186,0.0163,2.12863033,"sell"
1466377143,19988190,0.0163,12.68156125,"sell"
1466377143,19988194,0.016301,1,"buy"
1466377144,19988198,0.0163,28.22486648,"sell"
1466377144,19988200,0.0163,14.81018552,"sell"
1466377144,19988204,0.0163,12.44161161,"sell"
1466377144,19988206,0.0163,3.99389031,"sell"
1466377144,19988208,0.0163,1,"buy"
1466377146,19988216,0.016297,0.2,"sell"
1466377150,19988220,0.016298,11.79802031,"sell"
1466377150,19988222,0.016298,8.04165036,"sell"
1466377151,19988228,0.016298,11.40601677,"sell"
1466377151,19988232,0.016306,0.2,"sell"
1466377152,19988246,0.016295,0.21327827,"sell"
1466377154,19988252,0.01629,0.1,"buy"
1466377171,19988260,0.016312,0.2,"buy"
1466377175,19988262,0.016299,0.2,"buy"
1466377210,19988278,0.0163,24.93,"sell"
1466377210,19988280,0.016324,14.93,"buy"
1466377210,19988282,0.016317,0.1,"sell"
1466377210,19988284,0.0163,74.97,"buy"
1466377210,19988286,0.016322,0.2,"buy"
1466377210,19988288,0.016324,15.75584798,"buy"
1466377210,19988290,0.016324,4.18277646,"buy"
1466377210,19988292,0.016324,4.06137556,"sell"
1466377211,19988298,0.016324,9.83479271,"sell"
1466377226,19988302,0.016304,90.83,"sell"
1466377226,19988304,0.016324,3.01,"sell"
1466377226,19988306,0.016324,6.16,"sell"
1466377233,19988308,0.016309,0.2,"buy"
1466377258,19988318,0.016325,0.12251149,"buy"
1466377266,19988340,0.01633,0.2,"buy"
1466377266,19988342,0.016325,0.07748851,"buy"
1466377267,19988346,0.01637,11.131334,"buy"
1466377272,19988356,0.0164,26.127869,"buy"
1466377272,19988358,0.016399,9.30280318,"sell"
1466377274,19988362,0.01638,0.2,"sell"
1466377275,19988368,0.0164,18.461521,"buy"
1466377275,19988370,0.0164,18.34862385,"buy"
1466377276,19988372,0.016399,9.10295574,"buy"
1466377276,19988374,0.01638,0.2,"buy"
1466377276,19988376,0.0164,2.54151919,"buy"
1466377280,19988390,0.0164,3.444355,"buy"
1466377280,19988392,0.016396,0.2,"buy"
1466377280,19988394,0.016358,0.1,"buy"
1466377281,19988400,0.016389,433.04637478,"sell"
1466377281,19988408,0.016395,2,"buy"
1466377283,19988414,0.01639,0.2,"sell"
1466377283,19988416,0.01639,0.2,"sell"
1466377283,19988418,0.01639,0.2,"sell"
1466377283,19988422,0.01639,18.37060396,"sell"
1466377283,19988424,0.01639,0.2,"sell"
1466377283,19988426,0.016391,0.2,"sell"
1466377283,19988428,0.016391,0.2,"sell"
1466377283,19988430,0.016391,0.2,"sell"
1466377283,19988432,0.016391,0.2,"sell"
1466377284,19988434,0.016394,0.2,"buy"
1466377284,19988436,0.016394,0.2,"buy"
1466377284,19988438,0.016394,0.2,"buy"
1466377284,19988440,0.0164,187.688,"buy"
1466377284,19988442,0.016395,0.2,"buy"
1466377284,19988444,0.016395,0.2,"buy"
1466377284,19988446,0.016395,0.2,"buy"
1466377284,19988448,0.016439,0.2,"sell"
1466377284,19988450,0.016401,5.05663298,"buy"
1466377284,19988452,0.016395,0.2,"buy"
1466377285,19988454,0.016439,0.2,"sell"
1466377284,19988456,0.01641,2,"buy"
1466377284,19988458,0.016401,8.04076032,"buy"
1466377284,19988460,0.0164,63.38811196,"buy"
1466377284,19988462,0.016401,13.03047599,"buy"
1466377285,19988464,0.016439,0.9982,"sell"
1466377285,19988466,0.016439,0.2,"sell"
1466377285,19988468,0.016439,0.2,"sell"
1466377285,19988470,0.016439,0.2,"sell"
1466377285,19988472,0.016439,0.2,"sell"
1466377285,19988474,0.016439,0.2,"sell"
1466377286,19988476,0.016439,0.2,"sell"
1466377286,19988478,0.016439,0.2,"sell"
1466377286,19988480,0.016446,92.640458,"buy"
1466377286,19988482,0.016446,2.433117,"buy"
1466377287,19988484,0.016439,18.37060396,"sell"
1466377288,19988488,0.016446,2.442688,"buy"
1466377288,19988490,0.016446,6.034243,"buy"
1466377288,19988492,0.016446,1.121902,"buy"
1466377288,19988494,0.016446,1.3,"buy"
1466377288,19988496,0.016446,0.472586,"buy"
1466377288,19988498,0.016446,3.1,"buy"
1466377288,19988500,0.016488,3.1,"buy"
1466377288,19988502,0.016493,42.71364641,"buy"
1466377288,19988504,0.01646,2.144794,"buy"
1466377288,19988506,0.01646,0.29789429,"buy"
1466377288,19988508,0.01645,0.7734183,"buy"
1466377288,19988510,0.016476,1.3,"buy"
1466377289,19988512,0.016445,3.744355,"buy"
1466377290,19988514,0.016493,15.86056917,"buy"
1466377290,19988516,0.016445,2.43211376,"buy"
1466377290,19988518,0.016445,0.1,"buy"
1466377291,19988520,0.016442,12.37060617,"sell"
1466377294,19988528,0.016493,85.528586,"buy"
1466377295,19988530,0.016481,0.4,"buy"
1466377295,19988532,0.016493,84.854155,"buy"
1466377296,19988534,0.016493,10.952819,"buy"
1466377296,19988536,0.016493,4.360424,"buy"
1466377296,19988538,0.016493,1.2,"buy"
1466377296,19988540,0.016493,1.55,"buy"
1466377297,19988542,0.016493,1.2,"buy"
1466377298,19988544,0.016493,19.350987,"buy"
1466377299,19988546,0.016493,2.61,"buy"
1466377299,19988548,0.016493,4.702928,"buy"
1466377299,19988550,0.016493,2.81,"buy"
1466377299,19988552,0.016493,1.17,"buy"
1466377300,19988556,0.016493,20.994882,"buy"
1466377302,19988558,0.016483,0.1,"sell"
1466377303,19988560,0.01647,46.210003,"buy"
1466377303,19988562,0.01647,24.8709875,"buy"
1466377304,19988564,0.01647,28.8190095,"buy"
1466377304,19988566,0.016493,52.68228905,"buy"
1466377304,19988568,0.016493,354.116,"buy"
1466377304,19988570,0.016493,12.84970145,"buy"
1466377304,19988572,0.016493,10.343,"buy"
1466377306,19988574,0.016493,127.9,"buy"
1466377306,19988576,0.016481,0.1,"buy"
1466377306,19988578,0.016493,18.29156759,"buy"
1466377306,19988580,0.016493,164.419505,"buy"
1466377306,19988582,0.016493,0.19935232,"buy"
1466377306,19988586,0.0165,4,"buy"
1466377306,19988588,0.016493,1.80958801,"buy"
1466377306,19988590,0.016495,1.5,"buy"
1466377306,19988592,0.0165,10.343,"buy"
1466377306,19988594,0.0165,59.15641199,"buy"
1466377307,19988596,0.0165,206.309,"buy"
1466377307,19988600,0.0165,14.788204,"buy"
1466377308,19988602,0.0165,1.5,"buy"
1466377308,19988604,0.0165,10.343,"buy"
1466377309,19988606,0.0165,46.71703832,"buy"
1466377310,19988608,0.0165,48.759471,"buy"
1466377310,19988610,0.0165,0.19935232,"buy"
1466377311,19988612,0.0165,44.950511,"buy"
1466377311,19988614,0.0165,3.13899723,"buy"
1466377311,19988616,0.0165,15.2224976,"buy"
1466377311,19988618,0.0165,41.81151377,"buy"
1466377312,19988620,0.0165,72.606855,"buy"
1466377312,19988622,0.0165,3.63,"buy"
1466377312,19988624,0.0165,20.62414777,"buy"
1466377313,19988626,0.01651,2.930056,"buy"
1466377314,19988628,0.01651,0.769944,"buy"
1466377314,19988630,0.01651,10,"buy"
1466377321,19988640,0.016522,0.9,"buy"
1466377321,19988642,0.016527,3.620383,"buy"
1466377322,19988678,0.016527,0.379617,"buy"
1466377327,19988690,0.016533,1,"buy"
1466377332,19988692,0.016534,1,"buy"
1466377333,19988694,0.01655,6.09947,"buy"
1466377349,19988730,0.016524,21.471471,"sell"
1466377349,19988732,0.016545,0.1,"sell"
1466377394,19988758,0.016519,1,"sell"
1466377397,19988760,0.01652,0.1,"buy"
1466377440,19988786,0.016547,0.1,"sell"
1466377440,19988788,0.016527,1.9,"sell"
1466377440,19988790,0.01656,10.574695,"buy"
1466377440,19988792,0.01655,3.90053,"buy"
1466377441,19988794,0.016574,31.03537267,"buy"
1466377441,19988796,0.016574,0.40000033,"buy"
1466377441,19988798,0.016564,0.4,"buy"
1466377441,19988800,0.016574,4.04470733,"buy"
1466377442,19988802,0.016586,7.1,"buy"
1466377442,19988804,0.016587,3.27528493,"buy"
1466377442,19988806,0.016586,18.27291507,"buy"
1466377442,19988808,0.016597,22.55929593,"buy"
1466377442,19988810,0.016597,1.6,"buy"
1466377442,19988812,0.016587,0.72471507,"buy"
1466377442,19988814,0.016587,3.1,"buy"
1466377443,19988816,0.016586,8.38042059,"buy"
1466377443,19988818,0.016597,6.61957941,"buy"
1466377443,19988820,0.016597,11.740027,"buy"
1466377443,19988824,0.016586,2.008232,"buy"
1466377443,19988830,0.016586,8.68796964,"buy"
1466377443,19988832,0.016586,1.291205,"buy"
1466377443,19988834,0.016597,4.67313836,"buy"
1466377444,19988836,0.016586,9.12109518,"buy"
1466377443,19988838,0.016597,7.199187,"buy"
1466377444,19988840,0.016597,8.07712,"buy"
1466377444,19988844,0.016597,9.91974382,"buy"
1466377444,19988846,0.016597,1.291205,"buy"
1466377444,19988848,0.016597,13.361109,"buy"
1466377444,19988852,0.016597,8.07712,"buy"
1466377446,19988866,0.016597,4.27,"buy"
1466377449,19988868,0.016597,3.50173078,"buy"
1466377449,19988870,0.016597,1.291205,"buy"
1466377449,19988872,0.016585,1.99826922,"buy"
1466377449,19988874,0.016585,1.6,"buy"
1466377449,19988876,0.016597,8.07712,"buy"
1466377449,19988882,0.016585,6.34232114,"sell"
1466377449,19988884,0.016585,0.49274686,"sell"
1466377449,19988888,0.016597,13.361109,"buy"
1466377451,19988902,0.016584,1.61954562,"buy"
1466377452,19988908,0.016585,1.93078294,"sell"
1466377453,19988910,0.016586,2.81372209,"buy"
1466377454,19988918,0.016585,0.04794066,"sell"
1466377457,19988930,0.016565,1.93426462,"sell"
1466377458,19988932,0.016584,1.93426411,"buy"
1466377458,19988934,0.016584,0.58573789,"buy"
1466377458,19988936,0.016584,2.520002,"buy"
1466377458,19988938,0.016597,5.21276208,"buy"
1466377458,19988940,0.016597,1.427914,"buy"
1466377458,19988942,0.016584,0.28723792,"buy"
1466377458,19988944,0.016597,8.827455,"buy"
1466377458,19988946,0.016597,16.059209,"buy"
1466377459,19988950,0.016597,1,"buy"
1466377460,19988958,0.016584,0.41165504,"buy"
1466377460,19988960,0.016584,1.05035896,"buy"
1466377461,19988964,0.016575,2,"sell"
1466377463,19988972,0.016597,1.621355,"buy"
1466377463,19988974,0.016585,1.93426411,"sell"
1466377463,19988978,0.016585,1.34511,"sell"
1466377464,19988980,0.016596,1.345109,"buy"
1466377464,19988984,0.016585,12.95031737,"sell"
1466377464,19988986,0.016585,0.00030852,"sell"
1466377465,19988996,0.016596,10.42421552,"buy"
1466377465,19989000,0.016584,1.34480148,"buy"
1466377465,19989002,0.016596,1.34510945,"buy"
1466377465,19989004,0.016596,0.84587355,"buy"
1466377469,19989020,0.016585,1.44304971,"sell"
1466377469,19989026,0.016582,1.0777036,"sell"
1466377470,19989028,0.016581,2.188612,"sell"
1466377480,19989036,0.016581,0.5,"sell"
1466377482,19989038,0.016586,117.35029066,"sell"
1466377490,19989048,0.016589,25.17238041,"buy"
1466377490,19989050,0.016597,24.70241959,"buy"
1466377493,19989056,0.016564,0.5,"sell"
1466377499,19989058,0.016596,3.49281368,"buy"
1466377499,19989060,0.016597,1618.21951444,"buy"
1466377499,19989062,0.016596,1.34480148,"buy"
1466377499,19989064,0.016596,1.34511,"buy"
1466377499,19989066,0.016599,1.3689721,"buy"
1466377499,19989068,0.016614,117.9104,"buy"
1466377499,19989070,0.0166,5,"buy"
1466377499,19989072,0.016598,0.5,"buy"
1466377499,19989074,0.01663,1.29120499,"buy"
1466377499,19989076,0.016631,1.2101976,"buy"
1466377499,19989078,0.016631,2.16692222,"buy"
1466377499,19989080,0.016631,4.7,"buy"
1466377499,19989082,0.016622,13.36110886,"buy"
1466377499,19989084,0.016609,1.6,"buy"
1466377499,19989086,0.016655,156.6578,"buy"
1466377499,19989088,0.016632,0.8388388,"buy"
1466377499,19989090,0.016653,0.2,"buy"
1466377499,19989092,0.016647,2,"buy"
1466377499,19989094,0.01666,3.82272911,"buy"
1466377499,19989096,0.01669,9.6,"buy"
1466377499,19989098,0.016659,4.2,"buy"
1466377499,19989100,0.016665,0.2,"buy"
1466377499,19989102,0.016689,546.8086485,"buy"
1466377499,19989104,0.01669,25.21022653,"sell"
1466377499,19989106,0.01669,12.7,"buy"
1466377499,19989108,0.01666,10,"buy"
1466377499,19989110,0.01669,4.86178578,"sell"
1466377499,19989112,0.01669,1.34511,"sell"
1466377499,19989118,0.01669,1.34480148,"sell"
1466377500,19989130,0.01669,4.52851283,"sell"
1466377500,19989134,0.01669,373.99567304,"sell"
1466377500,19989136,0.01669,177.7,"sell"
1466377502,19989162,0.01669,144.950751,"sell"
1466377502,19989172,0.01669,4.53254755,"sell"
1466377502,19989174,0.01669,60.59065,"sell"
1466377502,19989176,0.01669,7.67561994,"sell"
1466377502,19989178,0.01669,256.659127,"sell"
1466377503,19989192,0.01669,0.20237711,"sell"
1466377503,19989198,0.01669,1.55155789,"sell"
1466377503,19989204,0.01669,16.17750758,"sell"
1466377503,19989206,0.01669,11.89527719,"sell"
1466377503,19989208,0.01669,119.663109,"sell"
1466377504,19989220,0.01669,155.469,"sell"
1466377504,19989228,0.01669,25.287642,"sell"
1466377504,19989230,0.01669,120.564695,"sell"
1466377504,19989232,0.01669,4.602229,"sell"
1466377503,19989234,0.01669,1.34722649,"sell"
1466377504,19989238,0.01669,0.5,"sell"
1466377505,19989246,0.01669,253.431312,"sell"
1466377505,19989250,0.01669,1.811188,"sell"
1466377505,19989252,0.01669,31.19895512,"sell"
1466377505,19989260,0.01669,4.06942893,"sell"
1466377505,19989268,0.01669,25.444934,"sell"
1466377505,19989270,0.01669,4.824255,"sell"
1466377505,19989272,0.01669,0.53079508,"sell"
1466377506,19989286,0.01669,0.30137534,"sell"
1466377506,19989296,0.01669,1.90319292,"sell"
1466377506,19989298,0.01669,2.31054431,"sell"
1466377506,19989300,0.01669,31.19895512,"sell"
1466377506,19989304,0.01669,9.518504,"sell"
1466377507,19989312,0.01669,167.920517,"sell"
1466377507,19989318,0.01669,0.53079508,"sell"
1466377507,19989320,0.01669,4.06942893,"sell"
1466377508,19989328,0.01669,1.55372512,"sell"
1466377508,19989330,0.01669,0.2026598,"sell"
1466377508,19989334,0.01669,11.9118926,"sell"
1466377509,19989346,0.016691,4.06942893,"sell"
1466377509,19989348,0.016691,56.691373,"sell"
1466377509,19989350,0.016691,0.30137534,"sell"
1466377509,19989352,0.016691,0.53079508,"sell"
1466377511,19989374,0.016691,0.2026598,"sell"
1466377511,19989376,0.016691,11.9118926,"sell"
1466377511,19989380,0.016691,1.55372512,"sell"
1466377512,19989384,0.016691,0.2026598,"sell"
1466377512,19989394,0.016691,17.82702249,"sell"
1466377512,19989398,0.016691,11.9118926,"sell"
1466377512,19989402,0.016691,7.10478967,"sell"
1466377512,19989408,0.016691,0.92671161,"sell"
1466377513,19989434,0.016691,0.5,"sell"
1466377513,19989450,0.016691,0.2157068,"sell"
1466377514,19989452,0.016691,11.9118926,"sell"
1466377513,19989456,0.016691,1.65375219,"sell"
1466377514,19989460,0.016691,12.67876674,"sell"
1466377514,19989462,0.016691,7.10478967,"sell"
1466377514,19989466,0.016691,9.25476596,"sell"
1466377514,19989472,0.01669,0.92671161,"sell"
1466377514,19989474,0.01669,7.10478967,"sell"
1466377514,19989476,0.01669,17.82702249,"sell"
1466377514,19989478,0.01669,0.74853161,"sell"
1466377514,19989480,0.01669,11.9118926,"sell"
1466377515,19989482,0.016691,8.57225653,"buy"
1466377517,19989490,0.016691,0.5,"sell"
1466377517,19989492,0.016691,11.03860824,"sell"
1466377517,19989494,0.016691,1.65375219,"sell"
1466377517,19989498,0.016691,7.10478967,"sell"
1466377517,19989502,0.016691,0.92671161,"sell"
1466377517,19989504,0.016691,11.9118926,"sell"
1466377517,19989508,0.016691,0.26837728,"sell"
1466377517,19989512,0.016691,2.05755916,"sell"
1466377517,19989514,0.016691,12.67876674,"sell"
1466377517,19989520,0.016691,25.00090901,"sell"
1466377517,19989528,0.016691,1.43981847,"sell"
1466377517,19989530,0.01669,278.8975825,"sell"
1466377517,19989534,0.016691,82.4625585,"sell"
1466377518,19989554,0.01669,12.63554477,"sell"
1466377518,19989560,0.01669,0.26837728,"sell"
1466377518,19989562,0.01669,11.03860824,"sell"
1466377518,19989564,0.01669,2.05755916,"sell"
1466377518,19989574,0.01669,0.5,"sell"
1466377519,19989590,0.01669,12.48116447,"sell"
1466377520,19989598,0.01669,0.26837728,"sell"
1466377520,19989600,0.01669,1.43981847,"sell"
1466377520,19989602,0.016629,9.965834,"sell"
1466377520,19989604,0.01669,2.05755916,"sell"
1466377520,19989606,0.01669,45.90951415,"sell"
1466377522,19989638,0.016612,0.5,"sell"
1466377522,19989640,0.016612,18.482917,"sell"
1466377522,19989642,0.016613,18.48259367,"sell"
1466377523,19989652,0.016613,0.5,"sell"
1466377524,19989658,0.016629,9.965834,"buy"
1466377524,19989660,0.016612,0.92671161,"buy"
1466377524,19989662,0.016629,6.25206277,"buy"
1466377524,19989664,0.016613,30.69263839,"buy"
1466377524,19989670,0.016612,0.45263786,"buy"
1466377524,19989672,0.016612,2.05755916,"buy"
1466377524,19989674,0.016613,4.72592034,"buy"
1466377524,19989676,0.016612,1.43981847,"buy"
1466377524,19989678,0.016612,1.65375219,"buy"
1466377525,19989680,0.016577,26.60504745,"sell"
1466377525,19989688,0.016577,26.60504745,"sell"
1466377526,19989694,0.016578,26.60504745,"sell"
1466377527,19989702,0.016611,1.65375219,"buy"
1466377527,19989704,0.016611,12.96537652,"buy"
1466377527,19989706,0.016611,2.14377406,"buy"
1466377527,19989708,0.016611,11.9118926,"buy"
1466377527,19989710,0.016611,1.43981847,"buy"
1466377527,19989712,0.016611,2.05755916,"buy"
1466377528,19989714,0.016611,8.89483418,"buy"
1466377528,19989716,0.016613,98.23980421,"buy"
1466377528,19989718,0.016613,18.0954,"buy"
1466377528,19989720,0.016611,1.69113596,"buy"
1466377528,19989722,0.016611,0.45263786,"buy"
1466377528,19989726,0.016628,17.82702249,"buy"
1466377528,19989728,0.0167,0.53309,"buy"
1466377528,19989730,0.016628,0.26837728,"buy"
1466377528,19989732,0.01669,16.24691938,"buy"
1466377528,19989734,0.01667,0.80579364,"buy"
1466377528,19989736,0.0167,0.67522126,"buy"
1466377528,19989738,0.01666,0.36385402,"buy"
1466377528,19989740,0.01669,3.47022358,"buy"
1466377528,19989742,0.0167,0.95626628,"buy"
1466377528,19989744,0.01671,0.93024247,"buy"
1466377528,19989746,0.0167,5,"buy"
1466377528,19989748,0.0167,0.89240354,"buy"
1466377528,19989750,0.01671,0.77166146,"buy"
1466377528,19989752,0.01674,20,"buy"
1466377528,19989754,0.016769,11.43540165,"buy"
1466377528,19989756,0.016757,19.532424,"buy"
1466377528,19989758,0.01671,0.29109895,"buy"
1466377528,19989762,0.0166,1.07545253,"sell"
1466377529,19989766,0.016579,9.96315571,"sell"
1466377528,19989768,0.0166,1.43981847,"sell"
1466377529,19989772,0.01661,6.52426819,"buy"
1466377529,19989774,0.01661,11.9118926,"buy"
1466377529,19989776,0.01661,0.45263786,"buy"
1466377529,19989778,0.01661,1.65375219,"buy"
1466377529,19989780,0.01661,2.05755916,"buy"
1466377530,19989782,0.01661,6.44110833,"buy"
1466377530,19989784,0.01661,1.69113614,"buy"
1466377532,19989792,0.016612,11.03826841,"buy"
1466377532,19989794,0.016612,21.26039659,"buy"
1466377532,19989796,0.016612,4.00541138,"buy"
1466377532,19989800,0.016612,1.14233338,"sell"
1466377534,19989814,0.016629,18.02890877,"sell"
1466377535,19989820,0.01666,0.2462165,"buy"
1466377535,19989822,0.01666,0.17037065,"buy"
1466377535,19989826,0.016692,12.09700877,"sell"
1466377535,19989830,0.016692,1.57787071,"sell"
1466377535,19989832,0.016692,0.2951641,"sell"
1466377535,19989834,0.016692,0.35035069,"sell"
1466377536,19989838,0.016693,139.7736846,"sell"
1466377536,19989840,0.016693,0.86476626,"sell"
1466377536,19989842,0.016693,0.35035069,"sell"
1466377536,19989844,0.016693,1.57787071,"sell"
1466377537,19989852,0.016693,0.35035069,"sell"
1466377537,19989860,0.016693,23.38372266,"sell"
1466377537,19989866,0.016635,51.45903649,"sell"
1466377537,19989868,0.016692,137.90031118,"sell"
1466377537,19989870,0.016692,10.6886074,"sell"
1466377537,19989874,0.016693,10.68825439,"sell"
1466377537,19989876,0.01666,0.12004802,"sell"
1466377537,19989878,0.016635,66.11386351,"sell"
1466377537,19989888,0.01663,54.32594886,"sell"
1466377540,19989898,0.016635,10.025065,"buy"
1466377541,19989914,0.01663,6.8076251,"sell"
1466377541,19989916,0.01663,1.57787071,"sell"
1466377541,19989918,0.01663,0.67657084,"sell"
1466377540,19989924,0.01663,0.86476626,"sell"
1466377541,19989926,0.01663,5.1870431,"sell"
1466377541,19989928,0.016635,9.976547,"buy"
1466377543,19989934,0.01663,164.19469519,"sell"
1466377544,19989964,0.01663,8.81614432,"buy"
1466377544,19989970,0.01663,1.14993187,"buy"
1466377544,19989972,0.01663,0.21845045,"buy"
1466377544,19989974,0.01663,4.45115707,"buy"
1466377545,19989994,0.01663,0.8879511,"buy"
1466377545,19989998,0.01663,7.8994349,"buy"
1466377545,19990004,0.016629,0.21845045,"sell"
1466377545,19990006,0.016629,0.8879511,"sell"
1466377546,19990010,0.016629,4.45115707,"sell"
1466377546,19990012,0.01663,1.24168501,"buy"
1466377546,19990016,0.016634,0.14993187,"buy"
1466377546,19990018,0.016634,1,"buy"
1466377546,19990020,0.016634,4.4279228,"buy"
1466377546,19990022,0.016634,8.81614432,"buy"
1466377546,19990024,0.016634,1.24168501,"buy"
1466377546,19990026,0.016629,5.48102861,"sell"
1466377546,19990028,0.016629,31.75039,"sell"
1466377546,19990032,0.016629,1.290911,"buy"
1466377548,19990036,0.016629,1.24168501,"buy"
1466377548,19990038,0.016629,8.81614432,"buy"
1466377548,19990040,0.016629,4.39962772,"buy"
1466377548,19990042,0.016629,1.14993187,"buy"
1466377548,19990044,0.016629,0.39915351,"buy"
1466377548,19990046,0.016629,0.59205299,"buy"
1466377548,19990050,0.016629,0.8879511,"buy"
1466377549,19990056,0.016629,30.48749164,"buy"
1466377550,19990070,0.016628,1.24168501,"buy"
1466377550,19990074,0.016628,0.6794446,"buy"
1466377550,19990088,0.016628,0.3117619,"buy"
1466377550,19990094,0.016634,0.92401409,"buy"
1466377550,19990096,0.016629,2.34396863,"buy"
1466377551,19990112,0.016613,5.09166225,"sell"
1466377552,19990120,0.016613,5.09166225,"sell"
1466377552,19990124,0.016613,6.67523568,"sell"
1466377552,19990126,0.016613,3.60239154,"sell"
1466377553,19990128,0.016627,0.8879511,"buy"
1466377553,19990130,0.016628,0.1167669,"buy"
1466377557,19990158,0.016613,1.38650174,"sell"
1466377559,19990164,0.01664,47.27965306,"sell"
1466377560,19990166,0.01664,0.00034694,"sell"
1466377560,19990172,0.016639,1.03281803,"sell"
1466377560,19990174,0.016639,8.81614432,"sell"
1466377560,19990184,0.016639,107.33302963,"sell"
1466377560,19990194,0.01664,9.46,"sell"
1466377560,19990198,0.016639,0.00030802,"sell"
1466377562,19990216,0.016635,156.24278559,"sell"
1466377573,19990262,0.016633,7.56288083,"buy"
1466377574,19990264,0.016633,7.275581,"buy"
1466377574,19990270,0.016632,0.98646271,"buy"
1466377574,19990274,0.016632,0.93667929,"buy"
1466377574,19990276,0.016615,41.24619735,"sell"
1466377580,19990324,0.016615,0.5,"sell"
1466377589,19990344,0.016615,0.5,"sell"
1466377594,19990418,0.016615,2.6619017,"sell"
1466377597,19990430,0.016631,4.16,"buy"
1466377602,19990440,0.016633,0.82555059,"buy"
1466377601,19990442,0.016633,16.440612,"buy"
1466377601,19990444,0.016633,0.93667966,"buy"
1466377601,19990446,0.016631,5.35243934,"buy"
1466377602,19990448,0.016635,6.28911863,"buy"
1466377602,19990454,0.016639,32.52937778,"buy"
1466377603,19990460,0.016639,15.99240057,"buy"
1466377603,19990462,0.016639,7.56288083,"buy"
1466377603,19990464,0.016634,5.35243934,"buy"
1466377604,19990478,0.01664,15.29676478,"sell"
1466377605,19990484,0.01664,115.46177286,"sell"
1466377604,19990488,0.01664,2.91489978,"sell"
1466377604,19990490,0.01664,22.34756258,"sell"
1466377605,19990504,0.016639,15.34869822,"sell"
1466377605,19990510,0.01664,122.5210487,"buy"
1466377606,19990512,0.016615,0.75361128,"sell"
1466377606,19990522,0.016641,21.5939513,"sell"
1466377606,19990524,0.016615,2.91489978,"sell"
1466377615,19990582,0.016615,8.67660454,"sell"
1466377615,19990586,0.016623,0.4,"sell"
1466377617,19990614,0.016627,0.4,"buy"
1466377617,19990616,0.016627,0.4,"buy"
1466377617,19990618,0.016627,1.13173045,"buy"
1466377617,19990620,0.016621,0.2,"buy"
1466377617,19990624,0.016627,0.4,"sell"
1466377618,19990630,0.016627,0.4,"buy"
1466377618,19990634,0.016627,1.13173,"buy"
1466377620,19990644,0.016627,0.12028628,"sell"
1466377620,19990648,0.016627,0.2,"sell"
1466377621,19990652,0.016638,18.39514828,"buy"
1466377621,19990654,0.016627,0.07971372,"buy"
1466377621,19990656,0.016637,0.4,"buy"
1466377644,19990702,0.01662,0.2,"buy"
1466377645,19990708,0.016639,18.4073437,"buy"
1466377645,19990710,0.016626,33.43590099,"sell"
1466377647,19990722,0.016628,154.42066331,"sell"
1466377648,19990730,0.016628,0.00033669,"sell"
1466377648,19990738,0.016626,3.40182366,"sell"
1466377648,19990740,0.016626,26.08322713,"sell"
1466377649,19990746,0.016627,0.1,"sell"
1466377649,19990748,0.016626,0.2,"sell"
1466377652,19990764,0.016626,6.558269,"buy"
1466377652,19990770,0.016625,0.1,"buy"
1466377652,19990772,0.016626,4.07999959,"buy"
1466377653,19990784,0.016617,10.6345444,"sell"
1466377654,19990786,0.016617,3.12943815,"sell"
1466377654,19990788,0.016636,0.2077,"buy"
1466377657,19990814,0.016626,9.99968464,"sell"
1466377658,19990820,0.016636,19.01492458,"buy"
1466377658,19990822,0.016635,18.42982942,"buy"
1466377658,19990824,0.016635,18.429829,"sell"
1466377658,19990826,0.016627,143.12162801,"sell"
1466377658,19990828,0.016627,14.49837199,"sell"
1466377658,19990830,0.016626,0.00031536,"sell"
1466377659,19990832,0.016626,1.38679878,"buy"
1466377659,19990834,0.016627,14.49802911,"buy"
1466377659,19990836,0.016634,3.12943815,"buy"
1466377659,19990838,0.016635,32.92820099,"sell"
1466377659,19990840,0.016635,1.38711414,"sell"
1466377659,19990850,0.016624,0.1,"sell"
1466377659,19990854,0.016635,0.84280426,"sell"
1466377660,19990870,0.016618,3.02943815,"sell"
1466377661,19990890,0.016618,3.02943815,"sell"
1466377661,19990892,0.016618,1.58469705,"sell"
1466377662,19990898,0.016618,0.57758002,"sell"
1466377662,19990904,0.016618,4.42811349,"sell"
1466377662,19990914,0.016618,1.0395647,"sell"
1466377663,19990922,0.01663,3.02943815,"sell"
1466377663,19990924,0.01663,0.1,"sell"
1466377664,19990930,0.01663,1.58469705,"sell"
1466377664,19990934,0.01663,1.58469705,"sell"
1466377666,19990962,0.016631,4.41257477,"sell"
1466377666,19990964,0.016631,26.9344386,"sell"
1466377666,19990966,0.016631,3.02943815,"sell"
1466377666,19990968,0.016631,0.33332172,"sell"
1466377666,19990974,0.016631,3.29361564,"sell"
1466377666,19990976,0.016631,25.25105304,"sell"
1466377667,19990982,0.016631,4.41384923,"sell"
1466377667,19990984,0.016632,0.74481812,"buy"
1466377667,19990988,0.016635,7.41545688,"buy"
1466377667,19990990,0.016631,2.10982821,"sell"
1466377667,19990992,0.016632,1.142085,"buy"
1466377667,19990994,0.016631,0.27519498,"sell"
1466377667,19991000,0.016631,2.66166844,"sell"
1466377667,19991004,0.016631,0.34717415,"sell"
1466377668,19991008,0.016631,23.15904899,"sell"
1466377668,19991022,0.016631,7.62879408,"sell"
1466377668,19991024,0.01663,15.57201637,"sell"
1466377668,19991026,0.01663,2.10982821,"sell"
1466377669,19991036,0.01663,226.01932317,"sell"
1466377669,19991042,0.016631,8.14012841,"buy"
1466377669,19991044,0.01663,2.10949795,"buy"
1466377669,19991048,0.016631,2.66166844,"buy"
1466377669,19991050,0.016631,3.29361564,"sell"
1466377669,19991052,0.016631,1.06175624,"sell"
1466377670,19991054,0.016631,68.94432723,"sell"
1466377669,19991058,0.016631,0.56817903,"buy"
1466377670,19991060,0.016631,25.25105304,"sell"
1466377670,19991062,0.016631,1.15031038,"sell"
1466377670,19991088,0.016628,0.1,"sell"
1466377671,19991100,0.016618,0.42329731,"sell"
1466377671,19991102,0.016618,3.24527941,"sell"
1466377672,19991116,0.016618,8.2513133,"sell"
1466377672,19991120,0.016618,3.24527941,"sell"
1466377672,19991122,0.016618,3.19361564,"sell"
1466377673,19991124,0.016618,2.2676967,"sell"
1466377673,19991128,0.016618,2.2676967,"sell"
1466377674,19991130,0.016618,6.3085218,"sell"
1466377675,19991134,0.016618,12.95249282,"sell"
1466377675,19991138,0.016618,1.68945558,"sell"
1466377676,19991142,0.01663,0.42329731,"buy"
1466377676,19991144,0.016627,6.3085218,"buy"
1466377676,19991146,0.01663,6.3085218,"sell"
1466377676,19991150,0.01663,0.61186647,"buy"
1466377676,19991152,0.016631,45.32936988,"buy"
1466377676,19991154,0.01663,35.96445923,"buy"
1466377676,19991156,0.01663,4.69097711,"buy"
1466377676,19991158,0.016623,0.1,"buy"
1466377676,19991162,0.01663,2.61782292,"sell"
1466377677,19991166,0.016631,1.035164,"buy"
1466377676,19991170,0.01663,20.06997737,"sell"
1466377677,19991172,0.016618,16.05487278,"sell"
1466377677,19991176,0.016618,2.09411365,"sell"
1466377678,19991182,0.016618,4.50179732,"sell"
1466377678,19991186,0.016629,0.4,"sell"
1466377678,19991188,0.016618,34.1137795,"sell"
1466377679,19991206,0.016646,0.2,"buy"
1466377679,19991208,0.016646,0.4,"buy"
1466377679,19991210,0.016644,0.2,"buy"
1466377679,19991212,0.01664,0.4,"buy"
1466377680,19991216,0.016639,0.12019231,"buy"
1466377680,19991218,0.016639,0.10434123,"buy"
1466377680,19991220,0.016639,4.27726378,"buy"
1466377682,19991222,0.016685,59.80555037,"sell"
1466377685,19991236,0.016685,9.26695572,"sell"
1466377685,19991238,0.016685,9.06009002,"sell"
1466377685,19991240,0.016685,1.18175087,"sell"
1466377686,19991260,0.016685,1.07307323,"buy"
1466377687,19991272,0.016686,9.04084743,"sell"
1466377687,19991278,0.016686,1.07307323,"sell"
1466377688,19991284,0.016684,0.13996607,"sell"
1466377688,19991288,0.016684,1.73031852,"sell"
1466377688,19991290,0.016684,0.32610829,"sell"
1466377688,19991292,0.016684,3.9,"sell"
1466377689,19991296,0.016685,1.909782,"sell"
1466377689,19991302,0.016685,3.27056284,"sell"
1466377689,19991306,0.016685,1.78586844,"sell"
1466377690,19991312,0.016685,3.27056284,"sell"
1466377692,19991318,0.016685,1.3174857,"sell"
1466377692,19991322,0.016685,3.17056284,"sell"
1466377692,19991326,0.016685,0.1,"sell"
1466377693,19991336,0.016685,0.71788387,"sell"
1466377693,19991340,0.016685,2.55267897,"sell"
1466377697,19991354,0.016685,1.33415503,"sell"
1466377697,19991364,0.016685,6.63944812,"sell"
1466377697,19991366,0.016685,10.22852183,"sell"
1466377697,19991368,0.016685,8.22689474,"sell"
1466377697,19991370,0.016685,0.17402022,"sell"
1466377704,19991372,0.016689,2.55267897,"buy"
1466377704,19991374,0.0167,65.47219414,"buy"
1466377706,19991380,0.016685,6.50590523,"sell"
1466377706,19991384,0.016685,0.84859633,"sell"
1466377706,19991390,0.016685,0.11068648,"sell"
1466377706,19991394,0.016686,1.96201413,"sell"
1466377706,19991402,0.016685,0.48280879,"sell"
1466377708,19991412,0.016684,1.59887688,"sell"
1466377708,19991414,0.016684,1.96201413,"buy"
1466377708,19991416,0.016684,1.57168596,"sell"
1466377709,19991418,0.016682,0.1,"sell"
1466377709,19991420,0.016629,0.2,"sell"
1466377709,19991422,0.016633,3.2,"sell"
1466377709,19991424,0.016618,0.47745672,"sell"
1466377709,19991426,0.01665,0.5,"sell"
1466377709,19991428,0.016618,0.67745672,"sell"
1466377710,19991430,0.01665,3.717191,"buy"
1466377710,19991432,0.01665,3.2,"buy"
1466377712,19991434,0.01665,0.482809,"buy"
1466377712,19991436,0.016629,0.2,"buy"
1466377712,19991438,0.01666,3.517191,"buy"
1466377712,19991440,0.016619,5.19383486,"sell"
1466377716,19991444,0.016648,0.12012733,"buy"
1466377717,19991446,0.016648,3.83428286,"buy"
1466377723,19991450,0.016654,0.4,"sell"
1466377725,19991452,0.016658,3.941965,"buy"
1466377733,19991456,0.016658,0.29587796,"buy"
1466377733,19991458,0.016639,0.4,"buy"
1466377733,19991460,0.01666,0.182809,"buy"
1466377733,19991462,0.016667,0.5,"buy"
1466377740,19991464,0.016662,0.2,"sell"
1466377748,19991504,0.016644,4.19965468,"sell"
1466377748,19991506,0.016644,23.86999574,"sell"
1466377750,19991514,0.016643,0.5,"sell"
1466377750,19991516,0.016644,0.00034958,"sell"
1466377750,19991518,0.016634,9.6467384,"sell"
1466377750,19991520,0.016643,3.7,"sell"
1466377752,19991528,0.016634,2.37966055,"sell"
1466377752,19991530,0.016634,0.3103905,"sell"
1466377752,19991534,0.016634,18.24406418,"sell"
1466377753,19991542,0.016634,0.68333516,"sell"
1466377753,19991544,0.016634,5.23890289,"sell"
1466377778,19991562,0.016631,97.0991,"sell"
1466377778,19991564,0.016631,113.2009,"sell"
1466377778,19991566,0.016633,4.2,"sell"
1466377778,19991568,0.016633,0.5,"sell"
1466377802,19991572,0.016625,0.2,"buy"
1466377802,19991574,0.016623,34.382565,"buy"
1466377802,19991576,0.016626,0.12632051,"buy"
1466377802,19991578,0.016626,0.2,"buy"
1466377802,19991580,0.016626,1.16432897,"buy"
1466377802,19991582,0.016627,5.06032343,"buy"
1466377802,19991584,0.016626,8.9265221,"buy"
1466377822,19991614,0.016622,0.4,"sell"
1466377822,19991616,0.016604,0.2,"sell"
1466377822,19991618,0.016612,0.2,"sell"
1466377822,19991620,0.0166,3.6,"sell"
1466377822,19991622,0.016617,0.1,"sell"
1466377831,19991644,0.016583,4.5,"sell"
1466377835,19991650,0.016522,102.265678,"sell"
1466377835,19991652,0.01654,6.834322,"sell"
