"timestamp","tid","price","amount","type"
1466331300,19929410,0.017415,0.1,"buy"
1466331300,19929412,0.017415,0.1,"buy"
1466331300,19929414,0.017437,2.20384905,"buy"
1466331300,19929416,0.01743,0.1,"buy"
1466331300,19929418,0.01742,0.1,"buy"
1466331300,19929420,0.01743,0.5,"buy"
1466331301,19929432,0.017403,6.90866314,"sell"
1466331304,19929434,0.017403,1.75912413,"sell"
1466331304,19929436,0.01741,0.5,"sell"
1466331304,19929440,0.01741,0.2,"sell"
1466331305,19929448,0.01741,0.2,"sell"
1466331305,19929450,0.017403,2.25912413,"sell"
1466331308,19929460,0.01742,0.1,"sell"
1466331319,19929476,0.017403,2.1337886,"sell"
1466331319,19929478,0.017402,2.02874781,"sell"
1466331348,19929482,0.01743,0.2,"buy"
1466331348,19929484,0.017419,0.1,"buy"
1466331348,19929486,0.017419,0.1,"buy"
1466331348,19929488,0.01743,0.1,"buy"
1466331348,19929490,0.017429,8.86851169,"buy"
1466331348,19929492,0.017437,11.55109237,"buy"
1466331348,19929494,0.01743,0.4,"buy"
1466331348,19929496,0.01742,0.1,"buy"
1466331348,19929498,0.01743,0.2,"buy"
1466331348,19929500,0.017488,66.96661207,"buy"
1466331357,19929510,0.01745,0.1,"sell"
1466331373,19929518,0.01741,0.4,"sell"
1466331373,19929520,0.017404,8.06857325,"sell"
1466331373,19929522,0.01741,0.1,"sell"
1466331373,19929524,0.01741,0.2,"sell"
1466331375,19929530,0.017403,2.44900828,"sell"
1466331375,19929532,0.017404,0.30142675,"sell"
1466331393,19929538,0.01743,0.1,"buy"
1466331393,19929540,0.017419,0.1,"buy"
1466331393,19929542,0.01743,0.2,"buy"
1466331393,19929544,0.01742,0.1,"buy"
1466331393,19929546,0.01743,0.1,"buy"
1466331393,19929548,0.017488,10.8142714,"buy"
1466331394,19929554,0.017403,0.68104429,"sell"
1466331401,19929558,0.01745,0.1,"sell"
1466331402,19929566,0.017404,3.48993756,"sell"
1466331402,19929568,0.01741,0.1,"sell"
1466331402,19929570,0.01741,0.3,"sell"
1466331403,19929578,0.017404,6.244e-05,"sell"
1466331406,19929586,0.017403,0.1,"sell"
1466331406,19929588,0.017404,3.88993756,"buy"
1466331406,19929590,0.01741,0.5,"buy"
1466331406,19929592,0.017488,1.18852679,"buy"
1466331406,19929594,0.01746,0.4,"buy"
1466331406,19929596,0.017403,0.1,"sell"
1466331407,19929600,0.017403,3.89,"sell"
1466331407,19929602,0.017403,0.5,"sell"
1466331409,19929606,0.0174,0.5,"sell"
1466331409,19929608,0.017403,5.5741,"sell"
1466331409,19929610,0.017403,10,"sell"
1466331409,19929612,0.017403,2.27994743,"sell"
1466331409,19929614,0.017402,239.97797829,"sell"
1466331409,19929616,0.0174,0.1,"sell"
1466331409,19929618,0.0174,135.5374,"sell"
1466331409,19929620,0.0174,0.4,"sell"
1466331409,19929622,0.017403,10,"sell"
1466331421,19929626,0.0174,3.88993756,"buy"
1466331428,19929630,0.0174,10.1402,"buy"
1466331439,19929632,0.01739,0.5,"sell"
1466331439,19929634,0.01739,0.4,"sell"
1466331439,19929636,0.01739,0.1,"sell"
1466331439,19929638,0.017391,85.04,"sell"
1466331439,19929640,0.01739,0.4,"sell"
1466331439,19929642,0.017371,13.5202,"sell"
1466331439,19929644,0.01737,0.5,"sell"
1466331439,19929646,0.01737,0.4,"sell"
1466331439,19929648,0.01737,133.88797595,"sell"
1466331439,19929650,0.01737,0.2,"sell"
1466331443,19929652,0.01737,0.25624144,"buy"
1466331448,19929654,0.01737,164.728,"buy"
1466331449,19929656,0.01737,9.9513,"buy"
1466331453,19929658,0.017395,8.86851169,"buy"
1466331453,19929660,0.01737,8.868512,"buy"
1466331453,19929662,0.01737,0.1,"buy"
1466331453,19929664,0.01737,81.24777061,"buy"
1466331453,19929666,0.0174,42.57669331,"buy"
1466331454,19929668,0.0174,4.899379,"buy"
1466331455,19929674,0.0174,2.3,"buy"
1466331456,19929676,0.0174,25.840001,"buy"
1466331457,19929678,0.0174,2.3,"buy"
1466331458,19929680,0.0174,2.184363,"buy"
1466331458,19929682,0.0174,0.5,"buy"
1466331458,19929684,0.0174,0.08414859,"buy"
1466331458,19929686,0.0174,1.50000041,"buy"
1466331459,19929688,0.017399,2.084149,"buy"
1466331464,19929694,0.017399,2.515851,"buy"
1466331466,19929700,0.017398,2.084149,"buy"
1466331468,19929706,0.017399,2.515851,"buy"
1466331470,19929710,0.017397,1.75266069,"buy"
1466331470,19929712,0.01741,0.4,"buy"
1466331470,19929714,0.0174,0.01585141,"buy"
1466331470,19929716,0.0174,0.2,"buy"
1466331470,19929718,0.01742,0.2475529,"buy"
1466331475,19929724,0.017395,1.652447,"buy"
1466331475,19929726,0.017395,1.652447,"buy"
1466331475,19929728,0.017395,3.04776669,"buy"
1466331477,19929734,0.017419,1.652447,"buy"
1466331500,19929742,0.017419,1.28,"buy"
1466331502,19929748,0.017419,1.652447,"buy"
1466331502,19929750,0.017419,2.578553,"buy"
1466331503,19929756,0.017417,1.079715,"buy"
1466331507,19929762,0.01742,0.5,"buy"
1466331507,19929764,0.017416,8.86851169,"buy"
1466331507,19929766,0.01742,0.39906122,"buy"
1466331507,19929768,0.01742,0.2524471,"buy"
1466331524,19929786,0.01735,2.855985,"sell"
1466331524,19929788,0.017392,6.6342,"sell"
1466331524,19929790,0.01736,0.5,"sell"
1466331524,19929792,0.0174,0.1,"sell"
1466331524,19929794,0.01738,0.4,"sell"
1466331524,19929796,0.01739,0.5,"sell"
1466331524,19929798,0.01739,0.4,"sell"
1466331524,19929800,0.01739,0.2,"sell"
1466331524,19929802,0.01739,0.2,"sell"
1466331524,19929804,0.01735,2.284788,"sell"
1466331524,19929806,0.01737,0.1,"sell"
1466331524,19929808,0.01738,0.2,"sell"
1466331524,19929810,0.01734,0.2,"sell"
1466331524,19929812,0.01733,0.05428998,"sell"
1466331524,19929814,0.0173,0.7023878,"sell"
1466331524,19929816,0.01732,0.4,"sell"
1466331524,19929818,0.0173,0.80566149,"sell"
1466331524,19929820,0.0173,0.58966869,"sell"
1466331524,19929822,0.0173,0.9916405,"sell"
1466331524,19929824,0.01729,0.4,"sell"
1466331524,19929826,0.01729,0.4,"sell"
1466331524,19929828,0.0173,0.94031351,"sell"
1466331524,19929830,0.01729,0.2255665,"sell"
1466331524,19929832,0.01729,0.5,"sell"
1466331524,19929834,0.01729,0.44427073,"sell"
1466331524,19929836,0.01729,0.64975672,"sell"
1466331524,19929838,0.01729,0.90579432,"sell"
1466331524,19929840,0.01729,0.32749232,"sell"
1466331524,19929842,0.01729,0.93219566,"sell"
1466331524,19929844,0.01729,0.5425986,"sell"
1466331524,19929846,0.01729,0.53352922,"sell"
1466331524,19929848,0.01729,0.1280587,"sell"
1466331524,19929850,0.017287,18.30912147,"sell"
1466331524,19929852,0.01729,0.11325095,"sell"
1466331524,19929854,0.01729,0.88303709,"sell"
1466331524,19929856,0.01729,0.37091958,"sell"
1466331524,19929858,0.01729,0.5733363,"sell"
1466331524,19929860,0.01729,0.41178837,"sell"
1466331524,19929862,0.01729,0.22496208,"sell"
1466331524,19929864,0.017287,4.06538642,"sell"
1466331531,19929868,0.0173,0.66788125,"sell"
1466331531,19929870,0.017252,48.62710566,"sell"
1466331531,19929872,0.0173,0.28366336,"sell"
1466331531,19929874,0.0173,0.42134973,"sell"
1466331548,19929876,0.01731,0.1,"buy"
1466331549,19929878,0.017311,50,"sell"
1466331582,19929886,0.01734,0.4,"buy"
1466331582,19929888,0.01734,0.4,"buy"
1466331582,19929890,0.01734,0.13742918,"buy"
1466331593,19929892,0.01736,0.2,"buy"
1466331593,19929894,0.01737,0.2,"buy"
1466331593,19929896,0.017399,0.9982,"buy"
1466331593,19929898,0.0174,0.4,"buy"
1466331593,19929900,0.01741,0.3,"buy"
1466331593,19929902,0.01741,0.2,"buy"
1466331593,19929904,0.01734,0.06257082,"buy"
1466331593,19929906,0.01741,0.5,"buy"
1466331593,19929908,0.0174,0.4,"buy"
1466331593,19929910,0.01741,0.2,"buy"
1466331593,19929912,0.01741,0.2,"buy"
1466331593,19929914,0.01741,0.2,"buy"
1466331593,19929916,0.01739,0.5,"buy"
1466331593,19929918,0.01742,0.00093878,"buy"
1466331593,19929922,0.017487,0.58149359,"buy"
1466331593,19929924,0.01745,0.2,"buy"
1466331593,19929926,0.017487,1.1436312,"buy"
1466331603,19929936,0.01743,0.1,"sell"
1466331611,19929944,0.0174,0.1,"sell"
1466331612,19929948,0.0174,0.4,"sell"
1466331614,19929956,0.01738,0.1,"sell"
1466331616,19929960,0.017399,0.1,"buy"
1466331627,19929966,0.017389,0.5,"buy"
1466331627,19929968,0.017389,0.4,"buy"
1466331627,19929970,0.01739,0.1,"buy"
1466331627,19929972,0.017398,0.9982,"buy"
1466331627,19929974,0.017389,0.1,"buy"
1466331627,19929976,0.017419,3.504668,"buy"
1466331627,19929978,0.0174,0.3,"buy"
1466331627,19929980,0.0174,0.2,"buy"
1466331636,19929996,0.0174,0.1,"sell"
1466331645,19930016,0.017416,0.1,"buy"
1466331645,19930018,0.017416,0.1,"buy"
1466331645,19930020,0.017419,7.27,"buy"
1466331645,19930022,0.017416,0.1,"buy"
1466331645,19930024,0.0174,0.1,"buy"
1466331652,19930032,0.017416,0.1,"sell"
1466331655,19930040,0.0174,0.1,"sell"
1466331700,19930074,0.017399,0.1,"buy"
1466331700,19930076,0.017399,0.1,"buy"
1466331700,19930078,0.017399,0.8,"sell"
1466331701,19930084,0.017381,0.8,"sell"
1466331711,19930092,0.017399,0.8,"buy"
1466331711,19930094,0.017399,0.8,"buy"
1466331711,19930096,0.017399,0.8,"buy"
1466331711,19930098,0.01748,1.21303185,"buy"
1466331711,19930100,0.0174,0.1,"buy"
1466331711,19930102,0.017419,1.09802,"buy"
1466331711,19930104,0.01742,0.5,"buy"
1466331711,19930106,0.01742,0.4,"buy"
1466331721,19930116,0.017479,1.01101101,"buy"
1466331723,19930126,0.01743,0.1,"sell"
1466331728,19930138,0.01742,0.4,"sell"
1466331729,19930142,0.01742,0.4,"buy"
1466331729,19930144,0.017449,0.1,"buy"
1466331729,19930146,0.017449,0.1,"buy"
1466331729,19930148,0.017479,13.75494142,"buy"
1466331729,19930150,0.017449,0.1,"buy"
1466331729,19930152,0.017449,0.1,"buy"
1466331729,19930154,0.01748,0.14467835,"buy"
1466331729,19930156,0.01745,0.1,"buy"
1466331731,19930162,0.0174,0.4,"sell"
1466331731,19930166,0.0174,0.1,"sell"
1466331741,19930174,0.017409,0.4,"buy"
1466331741,19930176,0.017409,0.1,"buy"
1466331741,19930178,0.017409,0.1,"buy"
1466331741,19930180,0.017409,0.5,"buy"
1466331741,19930182,0.017409,0.5,"buy"
1466331741,19930184,0.017409,0.1,"buy"
1466331741,19930186,0.017409,0.1,"buy"
1466331741,19930188,0.017419,1.09802,"buy"
1466331741,19930190,0.017409,0.1,"buy"
1466331741,19930192,0.017409,0.4,"buy"
1466331741,19930194,0.01742,0.5,"buy"
1466331741,19930196,0.01742,0.1,"buy"
1466331741,19930198,0.01741,0.1,"buy"
1466331741,19930200,0.01744,0.4,"buy"
1466331741,19930202,0.01744,0.1,"buy"
1466331741,19930204,0.017478,0.8,"buy"
1466331741,19930208,0.01748,6.0240837,"buy"
1466331746,19930212,0.0174,0.1,"sell"
1466331746,19930214,0.01743,0.1,"sell"
1466331747,19930222,0.0174,0.1,"sell"
1466331747,19930224,0.0174,0.1,"sell"
1466331748,19930226,0.017371,1.19258,"sell"
1466331748,19930228,0.017372,1.82,"sell"
1466331748,19930230,0.017381,1.82,"sell"
1466331748,19930232,0.0174,0.2,"sell"
1466331748,19930236,0.01739,0.4,"sell"
1466331748,19930238,0.01738,0.2,"sell"
1466331748,19930240,0.01738,0.2,"sell"
1466331748,19930242,0.01738,0.1,"sell"
1466331791,19930248,0.0174,8.62002001,"buy"
1466331791,19930250,0.0174,0.2,"buy"
1466331791,19930252,0.017389,0.2,"buy"
1466331791,19930254,0.017389,0.2,"buy"
1466331791,19930256,0.017389,0.2,"buy"
1466331791,19930258,0.017389,0.2,"buy"
1466331791,19930260,0.0174,0.3,"buy"
1466331791,19930262,0.01739,0.1,"buy"
1466331805,19930264,0.01738,0.4,"sell"
1466331805,19930266,0.01738,0.1,"sell"
1466331805,19930268,0.01738,0.2,"sell"
1466331835,19930276,0.01737,0.2,"sell"
1466331835,19930278,0.01737,0.1,"sell"
1466331835,19930280,0.01737,0.2,"sell"
1466331835,19930282,0.01737,0.1,"sell"
1466331835,19930284,0.01737,0.1,"sell"
1466331835,19930286,0.01737,0.1,"sell"
1466331842,19930290,0.017379,1.01101101,"buy"
1466331847,19930294,0.01737,0.2,"sell"
1466331861,19930310,0.01736,0.5,"sell"
1466331861,19930312,0.01736,0.1,"sell"
1466331861,19930314,0.01735,0.4,"sell"
1466331861,19930316,0.01735,0.2,"sell"
1466331892,19930334,0.01734,0.2,"sell"
1466331892,19930336,0.017312,0.8,"sell"
1466331892,19930338,0.017311,12.15494142,"sell"
1466331892,19930340,0.01733,0.4,"sell"
1466331892,19930342,0.01732,0.2,"sell"
1466331894,19930360,0.017311,1.6867057,"sell"
1466331894,19930362,0.017311,17.54375288,"sell"
1466331894,19930366,0.01729,0.4,"sell"
1466331894,19930374,0.01729,0.4,"sell"
1466331894,19930376,0.01731,0.9,"sell"
1466331898,19930388,0.01725,0.1,"sell"
1466331899,19930390,0.017216,0.53699753,"sell"
1466331899,19930392,0.01722,0.1,"sell"
1466331899,19930394,0.01723,0.5,"sell"
1466331899,19930396,0.017216,13.75494142,"sell"
1466331901,19930400,0.01722,1.13699753,"buy"
1466331901,19930402,0.017216,1.13699753,"sell"
1466331902,19930404,0.017216,1.13699753,"sell"
1466331924,19930410,0.017216,52.18,"sell"
1466331924,19930412,0.017221,46.82,"sell"
1466331924,19930414,0.01722,1,"sell"
1466331928,19930420,0.017229,2.07467339,"buy"
1466331928,19930422,0.017287,15.90582938,"buy"
1466331928,19930424,0.01731,0.2,"buy"
1466331928,19930426,0.01723,0.1,"buy"
1466331928,19930428,0.01729,0.79967363,"buy"
1466331928,19930430,0.01731,0.5,"buy"
1466331928,19930432,0.01726,0.1,"buy"
1466331928,19930434,0.01728,0.1,"buy"
1466331928,19930436,0.01729,0.5,"buy"
1466331928,19930438,0.0173,0.5,"buy"
1466331928,19930440,0.017319,1.68639271,"buy"
1466331928,19930442,0.01733,0.4,"buy"
1466331928,19930444,0.01734,0.4,"buy"
1466331928,19930446,0.01734,0.3,"buy"
1466331928,19930448,0.017348,0.2,"buy"
1466331928,19930450,0.017348,0.6,"buy"
1466331928,19930452,0.017348,0.6,"buy"
1466331928,19930454,0.017348,0.2,"buy"
1466331928,19930456,0.017348,0.2,"buy"
1466331928,19930464,0.01735,0.5,"buy"
1466331928,19930466,0.017355,10.15572642,"sell"
1466331929,19930468,0.017355,21.12730223,"sell"
1466331930,19930470,0.017355,0.00033717,"sell"
1466331935,19930480,0.01728,0.5,"sell"
1466331935,19930482,0.01728,0.36274311,"sell"
1466331937,19930484,0.0173,0.4,"sell"
1466331937,19930486,0.0173,0.3,"sell"
1466331941,19930494,0.017299,0.1,"buy"
1466331942,19930500,0.01729,0.20000017,"sell"
1466331943,19930508,0.01729,0.2,"sell"
1466331943,19930510,0.01729,0.29999983,"sell"
1466331943,19930512,0.01729,0.1,"sell"
1466331943,19930514,0.01729,0.09970735,"sell"
1466331943,19930516,0.01729,0.00029265,"sell"
1466331943,19930518,0.01728,0.13725689,"sell"
1466331943,19930520,0.01726,0.09970718,"buy"
1466331943,19930524,0.01728,0.1,"sell"
1466331943,19930526,0.01726,0.2,"sell"
1466331943,19930528,0.01729,0.5,"sell"
1466331948,19930532,0.01729,0.00029282,"sell"
1466331948,19930534,0.017221,8.43615967,"sell"
1466331948,19930536,0.01725,0.2,"sell"
1466331948,19930538,0.01725,0.2,"sell"
1466331969,19930598,0.0173,4.648088,"buy"
1466331969,19930600,0.01731,0.1,"buy"
1466331969,19930604,0.017295,0.4,"buy"
1466331969,19930606,0.01727,0.5,"buy"
1466331969,19930608,0.01724,0.1,"buy"
1466331969,19930610,0.0173,0.5,"buy"
1466331969,19930612,0.01731,0.2,"buy"
1466331969,19930614,0.01728,0.4,"buy"
1466331969,19930616,0.0173,0.2,"buy"
1466331969,19930618,0.0173,0.5,"buy"
1466331969,19930620,0.01731,0.4,"buy"
1466331981,19930626,0.0173,0.1,"sell"
1466331982,19930628,0.01729,0.3,"sell"
1466331993,19930632,0.01729,0.2,"sell"
1466331993,19930634,0.01728,0.5,"sell"
1466331993,19930636,0.01728,0.1,"sell"
1466331993,19930638,0.01727,0.5,"sell"
1466331993,19930640,0.01726,0.4,"sell"
1466331993,19930642,0.0172,0.1,"sell"
1466331993,19930644,0.01725,0.5,"sell"
1466331993,19930646,0.01726,0.1,"sell"
1466331993,19930648,0.01725,0.4,"sell"
1466331993,19930650,0.01725,0.5,"sell"
1466331993,19930652,0.01722,0.5,"sell"
1466331993,19930654,0.01722,0.5,"sell"
1466332040,19930672,0.0172,4.9,"buy"
1466332040,19930674,0.0172,0.1,"buy"
1466332040,19930676,0.01719,0.1,"buy"
1466332051,19930678,0.0172,0.1,"sell"
1466332051,19930680,0.017188,21.41,"sell"
1466332051,19930682,0.017184,13.75494142,"buy"
1466332051,19930684,0.017187,14.89837427,"sell"
1466332051,19930686,0.017184,115.7749949,"buy"
1466332052,19930700,0.017184,7.29107223,"buy"
1466332053,19930704,0.017184,0.95100942,"buy"
1466332059,19930718,0.017178,0.61378485,"buy"
1466332061,19930722,0.01716,0.2,"sell"
1466332061,19930724,0.017174,0.61378485,"sell"
1466332061,19930726,0.017162,22.3604,"sell"
1466332061,19930728,0.01712,0.2,"sell"
1466332061,19930730,0.01716,0.2,"sell"
1466332061,19930732,0.017174,13.75494142,"sell"
1466332061,19930734,0.01717,2.42428,"sell"
1466332061,19930736,0.01712,1.85613795,"sell"
1466332061,19930738,0.01715,0.43856981,"sell"
1466332061,19930740,0.01717,0.2,"sell"
1466332061,19930742,0.01717,10.802638,"sell"
1466332061,19930744,0.01715,0.2,"sell"
1466332071,19930764,0.017169,0.61378485,"buy"
1466332078,19930766,0.017126,13.75494142,"sell"
1466332078,19930768,0.017125,53.34,"sell"
1466332078,19930770,0.017123,122.59,"sell"
1466332080,19930776,0.017149,34.97634,"buy"
1466332080,19930778,0.01721,0.2,"buy"
1466332080,19930780,0.01719,0.1,"buy"
1466332080,19930782,0.0172,5,"buy"
1466332080,19930784,0.01718,0.5,"buy"
1466332080,19930786,0.01723,73.89261748,"buy"
1466332080,19930788,0.01722,0.2,"buy"
1466332080,19930790,0.01722,0.4,"buy"
1466332080,19930792,0.0172,0.2,"buy"
1466332085,19930796,0.017139,1.87984,"buy"
1466332086,19930798,0.017139,0.2767308,"buy"
1466332087,19930800,0.017139,0.64977818,"buy"
1466332089,19930802,0.017139,0.33451372,"buy"
1466332091,19930804,0.017139,0.41617238,"buy"
1466332092,19930806,0.017139,1.939973,"buy"
1466332093,19930808,0.017139,0.41934913,"buy"
1466332095,19930810,0.017131,1.17100503,"sell"
1466332095,19930812,0.017139,0.33588594,"buy"
1466332096,19930816,0.017131,12.58393639,"sell"
1466332096,19930818,0.01713,0.2,"sell"
1466332096,19930822,0.017119,5.70454261,"sell"
1466332096,19930824,0.01713,0.1,"sell"
1466332096,19930826,0.01713,0.2,"sell"
1466332096,19930828,0.01712,0.1,"sell"
1466332096,19930830,0.01713,0.3,"sell"
1466332096,19930832,0.01712,0.4,"sell"
1466332096,19930834,0.017132,12.05494142,"sell"
1466332096,19930836,0.01713,0.4,"sell"
1466332096,19930838,0.01713,0.5,"sell"
1466332096,19930840,0.01713,1.7,"buy"
1466332097,19930850,0.017139,6.7839,"buy"
1466332102,19930862,0.017119,21.89981968,"sell"
1466332102,19930864,0.01712,0.10018032,"sell"
1466332107,19930878,0.017139,10,"buy"
1466332109,19930880,0.017119,5.93623771,"sell"
1466332114,19930882,0.017121,7.50760604,"sell"
1466332114,19930884,0.01711,7.51813049,"buy"
1466332115,19930894,0.01711,7.50760604,"buy"
1466332115,19930898,0.01711,16.44858455,"buy"
1466332116,19930902,0.017109,13.77974496,"buy"
1466332116,19930904,0.017102,1.88266462,"sell"
1466332116,19930906,0.0171,20.11733538,"sell"
1466332117,19930908,0.017109,13.77974496,"buy"
1466332130,19930918,0.0171,2,"sell"
1466332132,19930920,0.01711,100,"buy"
1466332145,19930924,0.01711,5.784679,"buy"
1466332160,19930928,0.017101,13.75494142,"sell"
1466332160,19930930,0.01709,0.4,"sell"
1466332160,19930932,0.017064,24.08309396,"sell"
1466332160,19930934,0.0171,6.88266462,"sell"
1466332160,19930936,0.01708,0.5,"sell"
1466332161,19930942,0.0171,1.06815492,"buy"
1466332163,19930946,0.017064,20.637606,"sell"
1466332167,19930956,0.01709,0.1,"buy"
1466332203,19930970,0.017109,3.81,"sell"
1466332203,19930972,0.01711,0.1,"sell"
1466332230,19930976,0.01701,0.15979853,"sell"
1466332230,19930978,0.01706,0.1,"sell"
1466332230,19930980,0.017109,1.21659419,"sell"
1466332230,19930982,0.017069,11,"sell"
1466332230,19930984,0.01701,0.21136388,"sell"
1466332230,19930986,0.01709,0.1,"sell"
1466332230,19930988,0.01703,0.4,"sell"
1466332230,19930990,0.017,1,"sell"
1466332230,19930992,0.017,0.81635451,"sell"
1466332230,19930994,0.01702,0.4,"sell"
1466332230,19930996,0.01701,0.5,"sell"
1466332230,19930998,0.017,0.26101568,"sell"
1466332230,19931000,0.01701,0.40919464,"sell"
1466332242,19931008,0.01699,2.572574,"sell"
1466332250,19931022,0.01698,2.91861119,"buy"
1466332272,19931032,0.01697,0.8964036,"sell"
1466332272,19931034,0.01697,11.499,"sell"
1466332272,19931036,0.016966,8.39715837,"sell"
1466332272,19931038,0.016967,7.5362,"sell"
1466332275,19931040,0.01698,10.02002001,"buy"
1466332302,19931052,0.01698,0.1,"buy"
1466332302,19931054,0.016967,9.64214483,"sell"
1466332302,19931056,0.01699,2.16729271,"sell"
1466332313,19931058,0.017,3.86,"buy"
1466332314,19931060,0.017,1.14,"buy"
1466332318,19931062,0.017,23.720079,"buy"
1466332319,19931064,0.017,2.74,"buy"
1466332319,19931066,0.017,5.290079,"buy"
1466332328,19931068,0.017,11.7747,"buy"
1466332338,19931072,0.016999,2.46830289,"buy"
1466332345,19931090,0.016999,13.754,"buy"
1466332352,19931094,0.016999,13.75494142,"buy"
1466332354,19931100,0.016998,13.713,"buy"
1466332356,19931108,0.016999,13.754941,"buy"
1466332356,19931110,0.017,26.51454,"buy"
1466332360,19931116,0.016999,13.75494142,"buy"
1466332360,19931118,0.017,27.07605858,"buy"
1466332365,19931124,0.016999,13.754,"buy"
1466332377,19931130,0.016999,13.754,"buy"
1466332383,19931136,0.016998,13.754,"buy"
1466332394,19931142,0.016995,1.541334,"sell"
1466332394,19931144,0.016994,10.624,"buy"
1466332406,19931156,0.016991,4.41,"sell"
1466332406,19931158,0.01699,0.1,"sell"
1466332406,19931160,0.01699,10,"sell"
1466332406,19931162,0.01699,0.02301184,"sell"
1466332411,19931164,0.01699,0.1,"sell"
1466332413,19931166,0.016941,7.3533,"sell"
1466332413,19931168,0.01699,1,"sell"
1466332413,19931170,0.016939,15.0723,"sell"
1466332413,19931172,0.016967,4.9022,"sell"
1466332413,19931174,0.016938,323.20656488,"sell"
1466332413,19931176,0.016939,12.2556,"sell"
1466332413,19931178,0.01696,0.4,"sell"
1466332413,19931180,0.01696,3.359028,"sell"
1466332413,19931182,0.016954,12.57401896,"sell"
1466332413,19931184,0.01699,9.87698816,"sell"
1466332413,19931186,0.01699,10,"sell"
1466332422,19931188,0.016995,13.754,"buy"
1466332429,19931194,0.01699,0.1,"sell"
1466332433,19931196,0.016941,175.923,"sell"
1466332433,19931198,0.01694,315.41146422,"sell"
1466332434,19931200,0.01694,35.922107,"buy"
1466332456,19931206,0.01693,0.1,"buy"
1466332456,19931208,0.01694,82.743,"buy"
1466332463,19931212,0.01696,0.5,"buy"
1466332463,19931214,0.01698,0.1,"buy"
1466332463,19931216,0.01694,0.00042878,"buy"
1466332463,19931218,0.016987,13.75457122,"buy"
1466332467,19931228,0.01695,0.1,"sell"
1466332472,19931238,0.016985,13.554,"buy"
1466332472,19931240,0.016969,0.1,"buy"
1466332472,19931242,0.01696,0.1,"buy"
1466332474,19931248,0.01699,4.72594258,"buy"
1466332474,19931250,0.016989,13.75494142,"buy"
1466332474,19931252,0.016989,0.1,"buy"
1466332476,19931258,0.016985,13.85460399,"buy"
1466332477,19931282,0.01696,0.1,"sell"
1466332477,19931284,0.016941,13.75494142,"sell"
1466332478,19931286,0.016941,13.75494142,"sell"
1466332478,19931294,0.016941,100.33413996,"sell"
1466332480,19931300,0.01694,0.4,"sell"
1466332480,19931302,0.01694,0.5,"sell"
1466332480,19931304,0.016931,0.45795772,"sell"
1466332480,19931306,0.016931,1.28680804,"sell"
1466332481,19931314,0.016931,13.75494101,"sell"
1466332481,19931316,0.016931,12.85494142,"sell"
1466332483,19931324,0.016945,13.75494101,"sell"
1466332486,19931330,0.016931,1.99561138,"sell"
1466332490,19931334,0.016949,0.1,"buy"
1466332490,19931336,0.016959,2.055985,"buy"
1466332490,19931338,0.01695,0.1,"buy"
1466332490,19931340,0.016949,0.1,"buy"
1466332491,19931346,0.016958,10.161132,"buy"
1466332493,19931356,0.016959,3.732381,"buy"
1466332494,19931362,0.016957,7.187619,"buy"
1466332498,19931370,0.01694,0.1,"sell"
1466332506,19931394,0.016933,13.75494142,"sell"
1466332508,19931398,0.016932,2.3661,"sell"
1466332508,19931400,0.016934,35.05,"sell"
1466332508,19931402,0.016889,5.9151,"sell"
1466332508,19931404,0.01693,0.4,"sell"
1466332508,19931406,0.0169,11,"sell"
1466332508,19931408,0.01688,0.2,"sell"
1466332508,19931410,0.016922,10,"sell"
1466332508,19931412,0.0169,79.64054497,"sell"
1466332509,19931418,0.01688,7.093168,"buy"
1466332510,19931426,0.01685,3.2,"sell"
1466332510,19931428,0.016808,37.59698707,"sell"
1466332510,19931430,0.01683,0.38060984,"sell"
1466332510,19931432,0.01686,50.62,"sell"
1466332510,19931434,0.01684,0.2779214,"sell"
1466332510,19931436,0.01684,0.83611065,"sell"
1466332510,19931438,0.016859,2.3643737,"sell"
1466332510,19931440,0.01684,0.73994809,"sell"
1466332510,19931442,0.01683,0.14935989,"sell"
1466332510,19931444,0.01683,0.18824818,"sell"
1466332510,19931446,0.01681,2.730248,"sell"
1466332510,19931448,0.01684,0.91619318,"sell"
1466332513,19931452,0.01688,45.081578,"buy"
1466332519,19931454,0.016809,164.195,"sell"
1466332519,19931456,0.016808,462.40301293,"sell"
1466332519,19931458,0.016821,153.177,"sell"
1466332519,19931460,0.01683,0.71071875,"sell"
1466332519,19931462,0.01682,0.96430706,"sell"
1466332519,19931464,0.016812,155.488,"sell"
1466332519,19931466,0.01683,0.36341491,"sell"
1466332519,19931468,0.016808,17.64704118,"sell"
1466332519,19931470,0.016802,500,"sell"
1466332519,19931472,0.0168,23.883,"sell"
1466332519,19931474,0.0168,172.191,"buy"
1466332520,19931480,0.0168,0.24511042,"buy"
1466332521,19931482,0.0168,3.5491,"buy"
1466332522,19931484,0.0168,0.10346207,"buy"
1466332525,19931486,0.016811,0.1,"sell"
1466332526,19931488,0.016811,158.16,"sell"
1466332526,19931490,0.01681,41.84,"sell"
1466332529,19931492,0.01684,0.1,"buy"
1466332529,19931494,0.01683,0.2,"buy"
1466332529,19931498,0.01685,4.4321,"buy"
1466332549,19931530,0.01681,99.7,"sell"
1466332549,19931532,0.01682,0.2,"sell"
1466332549,19931534,0.01683,0.1,"sell"
1466332553,19931536,0.01684,0.2,"buy"
1466332553,19931538,0.01684,0.5,"buy"
1466332553,19931540,0.01685,2.425469,"buy"
1466332556,19931542,0.01685,18.142431,"buy"
1466332556,19931544,0.01688,0.2,"buy"
1466332556,19931546,0.01688,2.424569,"buy"
1466332556,19931548,0.01686,0.5,"buy"
1466332558,19931550,0.01683,0.1,"buy"
1466332560,19931552,0.01688,18.843,"buy"
1466332570,19931556,0.01685,0.1,"sell"
1466332574,19931558,0.01685,24.745,"buy"
1466332580,19931560,0.01684,0.2,"sell"
1466332580,19931562,0.01684,0.2,"sell"
1466332580,19931564,0.01684,0.1,"sell"
1466332580,19931566,0.01684,0.5,"sell"
1466332582,19931568,0.01683,0.5,"sell"
1466332582,19931570,0.01682,0.3,"sell"
1466332582,19931572,0.01682,0.5,"sell"
1466332588,19931590,0.01681,14.828538,"sell"
1466332588,19931592,0.016812,1.5195,"sell"
1466332591,19931602,0.01681,93.631462,"sell"
1466332591,19931604,0.01681,0.2,"sell"
1466332591,19931606,0.0168,0.58389914,"sell"
1466332606,19931646,0.01679,0.1,"buy"
1466332608,19931652,0.016849,13.75494142,"buy"
1466332608,19931654,0.01684,0.5,"buy"
1466332608,19931656,0.016819,32.171265,"buy"
1466332608,19931658,0.01682,0.4,"buy"
1466332608,19931660,0.01685,26.37713188,"buy"
1466332608,19931662,0.01684,0.2,"buy"
1466332613,19931664,0.01683,0.1,"buy"
1466332615,19931666,0.01682,0.375,"sell"
1466332620,19931668,0.01682,0.125,"sell"
1466332620,19931670,0.016829,14.221,"buy"
1466332620,19931672,0.016828,1.87,"buy"
1466332620,19931674,0.01682,0.1,"sell"
1466332620,19931676,0.016811,2.1792,"sell"
1466332625,19931678,0.0168,0.1,"sell"
1466332625,19931680,0.0168,0.4,"sell"
1466332625,19931682,0.016762,3.7987,"sell"
1466332625,19931684,0.016778,3.039,"sell"
1466332625,19931686,0.01675,10,"sell"
1466332625,19931688,0.01676,1.8,"sell"
1466332628,19931690,0.0167,34.108164,"sell"
1466332630,19931692,0.0167,65.891836,"sell"
1466332630,19931694,0.016654,6.72,"sell"
1466332630,19931696,0.016651,500,"sell"
1466332630,19931698,0.016652,103.69,"sell"
1466332631,19931712,0.01674,26.344215,"buy"
1466332631,19931714,0.01674,31.399585,"buy"
1466332631,19931716,0.016651,1.288,"buy"
1466332633,19931718,0.01665,1.31484948,"sell"
1466332633,19931720,0.01665,70.33904,"sell"
1466332633,19931722,0.01675,0.2,"buy"
1466332633,19931724,0.016719,31.399585,"buy"
1466332633,19931728,0.016848,8.34896095,"buy"
1466332633,19931730,0.016792,2.9042,"buy"
1466332633,19931732,0.01677,0.5,"buy"
1466332633,19931734,0.0168,6.6,"buy"
1466332633,19931736,0.0168,7.9,"buy"
1466332633,19931738,0.01672,0.1,"buy"
1466332633,19931740,0.01679,95.11,"buy"
1466332633,19931742,0.01682,0.1,"buy"
1466332633,19931744,0.01684,0.5,"buy"
1466332642,19931752,0.01676,0.4,"sell"
1466332642,19931754,0.01675,0.1,"sell"
1466332642,19931756,0.01676,0.5,"sell"
1466332642,19931760,0.01675,0.5,"sell"
1466332642,19931762,0.01676,0.1,"sell"
1466332642,19931764,0.01675,0.1,"sell"
1466332642,19931772,0.01673,0.1,"sell"
1466332642,19931776,0.01673,0.2,"sell"
1466332644,19931780,0.016651,0.00035061,"sell"
1466332644,19931782,0.016651,4.39964939,"sell"
1466332644,19931784,0.01665,14.92456831,"sell"
1466332645,19931796,0.0167,0.7037,"buy"
1466332650,19931798,0.01665,100,"sell"
1466332651,19931800,0.016699,15.009067,"buy"
1466332658,19931804,0.0167,13.75494142,"buy"
1466332658,19931806,0.01668,0.1,"buy"
1466332658,19931808,0.0167,4.85852498,"buy"
1466332658,19931810,0.01671,0.5,"buy"
1466332658,19931812,0.01675,0.6996661,"buy"
1466332658,19931814,0.01675,12.05494142,"buy"
1466332658,19931816,0.01673,0.5,"buy"
1466332658,19931818,0.01675,0.1527728,"buy"
1466332658,19931820,0.01674,0.5,"buy"
1466332661,19931830,0.01675,0.59964262,"sell"
1466332662,19931836,0.01675,66.27920941,"sell"
1466332662,19931842,0.01675,0.00030125,"sell"
1466332662,19931844,0.016651,1.32589293,"sell"
1466332662,19931846,0.01666,0.1,"sell"
1466332662,19931848,0.01671,0.1,"sell"
1466332662,19931850,0.01671,0.5,"sell"
1466332663,19931854,0.01672,0.5,"sell"
1466332663,19931858,0.01672,0.3,"sell"
1466332664,19931864,0.01669,0.5,"sell"
1466332664,19931866,0.01669,0.1,"sell"
1466332667,19931878,0.016651,1.35280173,"sell"
1466332667,19931880,0.016651,0.60030125,"sell"
1466332671,19931884,0.016689,12.95494142,"buy"
1466332671,19931886,0.01669,0.1,"buy"
1466332671,19931888,0.0167,0.09999958,"buy"
1466332673,19931894,0.0167,78.366,"buy"
1466332675,19931896,0.0167,8.87,"buy"
1466332675,19931898,0.0167,19.310927,"buy"
1466332675,19931900,0.0167,75.932189,"buy"
1466332677,19931902,0.0167,43.49,"buy"
1466332687,19931908,0.0167,80.262,"buy"
1466332695,19931912,0.0167,11.84,"buy"
1466332715,19931922,0.01668,0.1,"sell"
1466332716,19931924,0.0167,0.09911558,"buy"
1466332716,19931926,0.01668,137.72888442,"buy"
1466332722,19931928,0.01667,0.1,"buy"
1466332722,19931930,0.01669,63.32154221,"buy"
1466332723,19931932,0.01669,38,"buy"
1466332731,19931936,0.016651,1.7165,"sell"
1466332731,19931938,0.01662,11.60396,"sell"
1466332731,19931940,0.01664,0.90470498,"sell"
1466332731,19931942,0.016651,2.5747,"sell"
1466332731,19931944,0.01667,0.1,"sell"
1466332731,19931946,0.016641,155.86,"sell"
1466332731,19931948,0.016631,171.125,"sell"
1466332731,19931950,0.01662,0.37666839,"sell"
1466332731,19931952,0.01662,0.38068091,"sell"
1466332731,19931954,0.016621,12.28386092,"sell"
1466332731,19931956,0.01662,0.36422544,"sell"
1466332731,19931958,0.01661,0.11292564,"sell"
1466332731,19931960,0.01662,2.897921,"sell"
1466332731,19931962,0.01661,0.75523459,"sell"
1466332732,19931964,0.0166,32.113,"buy"
1466332732,19931966,0.0166,35.000013,"buy"
1466332733,19931968,0.0166,177.7,"buy"
1466332734,19931970,0.0166,3.750239,"buy"
1466332734,19931972,0.0166,30,"buy"
1466332735,19931974,0.0166,58.471139,"buy"
1466332735,19931976,0.0166,30,"buy"
1466332736,19931978,0.0166,6.6,"buy"
1466332736,19931980,0.0166,30,"buy"
1466332736,19931982,0.0166,41.197,"buy"
1466332736,19931984,0.0166,16,"buy"
1466332737,19931986,0.0166,3.7855,"buy"
1466332738,19931988,0.0166,1.25,"buy"
1466332742,19931990,0.0166,103.639,"buy"
1466332744,19931994,0.0166,18.767767,"buy"
1466332745,19931996,0.0166,18.045104,"buy"
1466332745,19931998,0.0166,154.84476709,"buy"
1466332752,19932000,0.0166,43.68,"buy"
1466332754,19932004,0.0166,8.834042,"buy"
1466332761,19932008,0.0166,43.352,"buy"
1466332761,19932010,0.0166,169.526,"buy"
1466332775,19932012,0.0166,2.403357,"buy"
1466332776,19932016,0.0166,31.5,"buy"
1466332783,19932020,0.0166,140.110969,"buy"
1466332786,19932022,0.0166,50,"buy"
1466332786,19932024,0.0166,8.6,"buy"
1466332787,19932026,0.0166,5,"buy"
1466332800,19932028,0.016584,174.857,"sell"
1466332800,19932030,0.01658,3.952716,"sell"
1466332800,19932032,0.016583,677.589836,"sell"
1466332803,19932034,0.0166,72.77372104,"buy"
1466332803,19932036,0.0166,0.09999996,"sell"
1466332805,19932038,0.016542,88.86222332,"sell"
1466332810,19932040,0.0166,0.1,"buy"
1466332816,19932050,0.0166,0.1,"sell"
1466332817,19932052,0.0166,0.62013205,"sell"
1466332821,19932054,0.01662,0.2,"buy"
1466332821,19932056,0.01665,0.5,"buy"
1466332821,19932058,0.016689,13.754,"buy"
1466332821,19932060,0.01668,0.5,"buy"
1466332821,19932062,0.01664,0.2,"buy"
1466332821,19932064,0.01667,0.1,"buy"
1466332836,19932070,0.016688,13.75494142,"buy"
1466332836,19932074,0.016687,4.22080925,"buy"
1466332836,19932076,0.01669,10.33124933,"buy"
1466332846,19932088,0.016689,11.96,"sell"
1466332848,19932096,0.016689,13.75494142,"buy"
1466332848,19932098,0.01669,4.22005858,"buy"
1466332851,19932114,0.016689,0.1,"buy"
1466332855,19932116,0.016688,1.21225951,"buy"
1466332855,19932118,0.016688,10.74774049,"buy"
1466332855,19932120,0.016688,1.21225951,"buy"
1466332855,19932122,0.016688,11.85999949,"buy"
1466332855,19932124,0.016689,8.20109358,"buy"
1466332855,19932126,0.016688,13.75494142,"buy"
1466332857,19932132,0.016689,11.85999976,"buy"
1466332857,19932134,0.01668,0.1,"buy"
1466332857,19932136,0.016689,1.21225951,"buy"
1466332857,19932138,0.016689,1.21225951,"buy"
1466332857,19932140,0.016689,2.54664691,"buy"
1466332869,19932156,0.01673,0.1,"buy"
1466332869,19932158,0.0167,0.2,"buy"
1466332879,19932164,0.01674,0.2,"buy"
1466332879,19932166,0.016769,0.71,"buy"
1466332879,19932168,0.01673,0.1,"buy"
1466332880,19932170,0.016769,0.28966923,"buy"
1466332880,19932172,0.01683,0.36346601,"buy"
1466332880,19932174,0.0168,0.2,"buy"
1466332880,19932176,0.01677,0.1,"buy"
1466332880,19932178,0.01682,1,"buy"
1466332880,19932180,0.01679,0.4,"buy"
1466332881,19932182,0.01674,99.99967697,"sell"
1466332883,19932194,0.016741,19.081761,"buy"
1466332885,19932200,0.01673,0.2,"sell"
1466332885,19932204,0.01673,0.4,"sell"
1466332885,19932206,0.01674,0.00032303,"sell"
1466332899,19932210,0.01683,0.80365538,"buy"
1466332899,19932212,0.016819,0.05482903,"buy"
1466332899,19932214,0.0168,0.5,"buy"
1466332900,19932216,0.016819,1.500323,"sell"
1466332899,19932218,0.016819,0.545494,"buy"
1466332899,19932220,0.01682,1.23946997,"buy"
1466332899,19932222,0.01683,0.29295426,"buy"
1466332899,19932224,0.01682,0.05482903,"buy"
1466332899,19932226,0.0168,0.4,"buy"
1466332899,19932228,0.01683,0.22452497,"buy"
1466332899,19932230,0.01684,0.12054203,"buy"
1466332899,19932232,0.01684,0.65893733,"buy"
1466332902,19932234,0.016789,161.707,"buy"
1466332904,19932236,0.016789,1.375963,"buy"
1466332904,19932238,0.016789,35.416714,"buy"
1466332904,19932240,0.016839,9.38167697,"buy"
1466332905,19932246,0.016839,1.375963,"buy"
1466332919,19932248,0.01688,0.000331,"buy"
1466332919,19932250,0.016917,69.099669,"buy"
1466332919,19932252,0.0169,5,"buy"
1466332919,19932254,0.01686,0.2,"buy"
1466332919,19932256,0.01686,0.2,"buy"
1466332919,19932258,0.01685,0.5,"buy"
1466332919,19932260,0.0169,25,"buy"
1466332924,19932262,0.0168,0.2,"sell"
1466332924,19932264,0.01684,0.1,"sell"
1466332926,19932268,0.016793,0.1,"buy"
1466332927,19932272,0.016793,299.6,"buy"
1466332946,19932274,0.016914,0.1,"buy"
1466332946,19932276,0.016914,0.1,"buy"
1466332946,19932278,0.01683,0.1,"buy"
1466332946,19932280,0.016913,13.754941,"buy"
1466332946,19932282,0.01683,0.1,"buy"
1466332946,19932284,0.016918,120.39409122,"buy"
1466332946,19932286,0.016914,13.41798378,"buy"
1466332946,19932288,0.01686,0.2,"buy"
1466332946,19932290,0.01683,0.1,"buy"
1466332948,19932296,0.016912,13.617984,"buy"
1466332956,19932306,0.01687,0.1,"sell"
1466332960,19932308,0.0169,0.1,"sell"
1466332960,19932310,0.01687,0.2,"sell"
1466332976,19932316,0.01689,0.1,"buy"
1466332976,19932318,0.0169,16.466993,"buy"
1466332976,19932320,0.01687,0.1,"buy"
1466332976,19932322,0.01689,0.2,"buy"
1466332978,19932324,0.0169,59.0769,"buy"
1466332983,19932328,0.0169,10.648,"buy"
1466332985,19932330,0.0169,13.808107,"buy"
1466332996,19932332,0.016929,0.3,"buy"
1466332996,19932334,0.01695,0.39999958,"buy"
1466332996,19932336,0.01693,0.2,"buy"
1466332996,19932338,0.01696,0.4,"buy"
1466332996,19932340,0.016955,12.271577,"buy"
1466332996,19932342,0.01695,14.45494142,"buy"
1466332996,19932344,0.01696,14.45494142,"buy"
1466333009,19932358,0.016989,1.66182637,"buy"
1466333012,19932364,0.01696,0.1,"sell"
1466333021,19932378,0.01694,0.2,"sell"
1466333027,19932384,0.01692,0.2,"sell"
1466333028,19932386,0.01694,0.1,"buy"
1466333028,19932388,0.016938,0.2,"buy"
1466333028,19932390,0.01696,0.2,"buy"
1466333028,19932392,0.016939,0.1,"buy"
1466333028,19932394,0.016989,4.005065,"buy"
1466333028,19932396,0.01696,0.1,"buy"
1466333032,19932404,0.01694,0.1,"buy"
1466333033,19932406,0.01694,0.1,"buy"
1466333034,19932408,0.01699,1.44505858,"buy"
1466333034,19932410,0.01694,0.3,"buy"
1466333034,19932412,0.016987,13.75494142,"buy"
1466333034,19932414,0.01694,0.2,"buy"
1466333038,19932424,0.01699,0.10000042,"buy"
1466333038,19932426,0.01696,0.1,"buy"
1466333038,19932428,0.017,4.52505858,"buy"
1466333038,19932430,0.01699,8.454941,"buy"
1466333038,19932432,0.01701,0.78657248,"buy"
1466333038,19932434,0.01697,0.1,"buy"
1466333038,19932436,0.01701,0.72329193,"buy"
1466333038,19932438,0.017,0.47494142,"buy"
1466333038,19932440,0.01701,0.37719067,"buy"
1466333038,19932442,0.01701,0.52864915,"buy"
1466333039,19932444,0.01701,0.10000041,"buy"
1466333039,19932446,0.01702,0.3838537,"buy"
1466333038,19932448,0.01701,0.85881835,"buy"
1466333039,19932450,0.01702,0.72801589,"buy"
1466333039,19932452,0.01702,0.76759803,"buy"
1466333039,19932454,0.01702,0.56427466,"buy"
1466333039,19932456,0.01702,1.071023,"buy"
1466333039,19932458,0.01702,0.69850522,"buy"
1466333039,19932460,0.01702,0.38467901,"buy"
1466333039,19932462,0.01705,11.796199,"buy"
1466333039,19932466,0.01702,0.296864,"buy"
1466333039,19932468,0.01702,0.70645046,"buy"
1466333039,19932470,0.01702,0.11325775,"buy"
1466333039,19932472,0.01702,0.44961857,"buy"
1466333047,19932478,0.017098,76.13072097,"buy"
1466333047,19932480,0.01707,0.19060403,"buy"
1466333047,19932482,0.01705,10.565675,"buy"
1466333057,19932488,0.01707,0.65788406,"buy"
1466333057,19932490,0.017098,22.45250668,"buy"
1466333057,19932492,0.01707,0.16030526,"buy"
1466333063,19932496,0.01707,0.62205237,"buy"
1466333063,19932498,0.017098,8.01890391,"buy"
1466333063,19932500,0.017098,28.601859,"buy"
1466333063,19932502,0.01707,0.3838818,"buy"
1466333064,19932504,0.017098,25.226443,"buy"
1466333065,19932506,0.017098,1.005934,"buy"
1466333065,19932508,0.017098,17.66012095,"buy"
1466333067,19932510,0.017098,79.17699345,"buy"
1466333067,19932512,0.01707,0.68100655,"buy"
1466333067,19932514,0.017098,88.213764,"buy"
1466333068,19932516,0.017098,17.66012095,"buy"
1466333069,19932518,0.017098,2.85066,"buy"
1466333071,19932520,0.0171,5,"buy"
1466333071,19932522,0.017098,48.210173,"buy"
1466333071,19932524,0.01708,0.1,"sell"
1466333078,19932526,0.01707,0.9023059,"buy"
1466333078,19932528,0.017187,87.72854992,"buy"
1466333078,19932530,0.01707,0.52171018,"buy"
1466333078,19932532,0.01715,0.4,"buy"
1466333078,19932534,0.01714,10.147434,"buy"
1466333078,19932536,0.0171,0.1,"buy"
1466333078,19932538,0.01715,0.2,"buy"
1466333079,19932542,0.0171,0.41900545,"sell"
1466333082,19932544,0.01708,0.2,"sell"
1466333082,19932546,0.01708,0.00666053,"sell"
1466333084,19932548,0.01708,0.09333947,"sell"
1466333104,19932550,0.01706,0.2,"sell"
1466333104,19932552,0.01707,0.2,"sell"
1466333104,19932554,0.01704,0.1,"sell"
1466333104,19932556,0.01702,0.2,"sell"
1466333104,19932558,0.017,49.3,"sell"
1466333105,19932560,0.01709,0.93673511,"buy"
1466333105,19932562,0.01708,0.1,"buy"
1466333105,19932564,0.01708,0.14600289,"buy"
1466333114,19932566,0.01707,0.5,"buy"
1466333114,19932568,0.01705,0.2,"buy"
1466333114,19932570,0.01708,0.138805,"buy"
1466333114,19932572,0.01708,0.3,"buy"
1466333114,19932574,0.01709,0.2,"buy"
1466333114,19932576,0.01705,0.1,"buy"
1466333114,19932578,0.01708,0.5,"buy"
1466333114,19932580,0.0171,0.66119539,"buy"
1466333114,19932582,0.01711,0.1063256,"buy"
1466333114,19932584,0.01709,0.3,"buy"
1466333114,19932586,0.01708,0.061195,"buy"
1466333114,19932588,0.01711,0.98671901,"buy"
1466333114,19932590,0.0171,0.2,"buy"
1466333165,19932616,0.01707,0.2,"sell"
1466333165,19932618,0.01709,0.1,"sell"
1466333230,19932646,0.017088,0.4,"buy"
1466333230,19932648,0.017088,2.71311311,"buy"
1466333252,19932652,0.01707,0.3,"sell"
1466333280,19932654,0.01706,0.4,"sell"
1466333280,19932656,0.01705,0.5,"sell"
1466333280,19932658,0.01706,0.2,"sell"
1466333280,19932660,0.01705,0.3,"sell"
1466333280,19932662,0.01706,0.2,"sell"
1466333280,19932664,0.017051,0.4,"sell"
1466333284,19932666,0.017049,3.86220255,"buy"
1466333299,19932672,0.01702,0.3,"sell"
1466333299,19932676,0.017,4.216111,"sell"
1466333299,19932680,0.01704,0.5,"sell"
1466333300,19932684,0.017,1.09965606,"sell"
1466333300,19932686,0.017,3.11577385,"sell"
1466333301,19932690,0.017,5.016111,"sell"
1466333301,19932694,0.017,0.2,"sell"
1466333301,19932696,0.017,1.76922786,"sell"
1466333301,19932698,0.017,2.24688314,"sell"
1466333302,19932706,0.017,1.14688314,"sell"
1466333302,19932710,0.01699,1,"sell"
1466333302,19932712,0.01699,0.1,"sell"
1466333308,19932716,0.01694,0.4,"sell"
1466333308,19932718,0.016921,1.56922786,"sell"
1466333312,19932720,0.01692,0.5,"sell"
1466333312,19932722,0.01692,12.215599,"sell"
1466333319,19932724,0.0169,0.2,"sell"
1466333319,19932726,0.0169,290.52468434,"sell"
1466333323,19932728,0.0169,9.47531566,"sell"
1466333323,19932730,0.016899,149.830619,"sell"
1466333325,19932732,0.016899,17.773616,"sell"
1466333328,19932734,0.016899,32.395765,"sell"
1466333329,19932736,0.016875,500,"sell"
1466333329,19932738,0.016875,400,"sell"
1466333329,19932740,0.01688,0.75060838,"sell"
1466333332,19932744,0.01687,0.66091454,"sell"
1466333332,19932746,0.01686,0.90959137,"sell"
1466333332,19932748,0.01684,0.52765339,"sell"
1466333332,19932750,0.01687,0.2,"sell"
1466333332,19932752,0.01685,0.2,"sell"
1466333332,19932754,0.01686,0.6218841,"sell"
1466333332,19932756,0.01683,0.2,"sell"
1466333332,19932758,0.01683,0.70298349,"sell"
1466333332,19932760,0.016807,94.65129477,"sell"
1466333332,19932762,0.01684,0.32456871,"sell"
1466333332,19932764,0.01683,0.1,"sell"
1466333332,19932766,0.01683,0.90110963,"sell"
1466333336,19932768,0.016872,16.253349,"buy"
1466333336,19932770,0.016808,79.1,"sell"
1466333336,19932772,0.016807,405.34870523,"sell"
1466333336,19932774,0.0168,0.71868705,"sell"
1466333336,19932776,0.0168,50,"sell"
1466333403,19932788,0.016809,26.93,"buy"
1466333407,19932790,0.016809,5.76,"buy"
1466333411,19932792,0.016809,1.28,"buy"
