"timestamp","tid","price","amount","type"
1466407505,20039142,0.014283,1.660454,"sell"
1466407505,20039144,0.014283,1.629661,"sell"
1466407510,20039154,0.014284,27.150838,"buy"
1466407518,20039162,0.014284,88.57782239,"buy"
1466407522,20039166,0.014281,90.61930783,"sell"
1466407539,20039168,0.014314,1.2,"buy"
1466407539,20039170,0.014314,1,"buy"
1466407539,20039172,0.014286,0.2,"buy"
1466407540,20039174,0.014324,0.4,"buy"
1466407540,20039176,0.014318,0.4,"buy"
1466407540,20039178,0.014328,1.5,"buy"
1466407540,20039180,0.014328,0.2,"buy"
1466407540,20039182,0.014331,1,"buy"
1466407541,20039184,0.014342,0.877778,"buy"
1466407541,20039186,0.014336,0.4,"buy"
1466407553,20039188,0.014343,0.8,"buy"
1466407553,20039190,0.014342,2.822222,"buy"
1466407553,20039192,0.014343,0.377778,"buy"
1466407564,20039198,0.014342,2.11,"buy"
1466407566,20039200,0.014343,0.622222,"buy"
1466407566,20039202,0.014343,0.822222,"buy"
1466407566,20039204,0.014344,4.5,"buy"
1466407566,20039206,0.014343,0.9,"buy"
1466407566,20039208,0.014343,1.977778,"buy"
1466407568,20039210,0.014347,2.6,"buy"
1466407570,20039212,0.014356,3.7,"buy"
1466407570,20039214,0.01436,3.547778,"buy"
1466407570,20039216,0.014354,0.4,"buy"
1466407581,20039220,0.01436,1.452222,"buy"
1466407581,20039222,0.014363,2.2,"buy"
1466407581,20039224,0.014363,1.197937,"buy"
1466407585,20039226,0.01436,11,"sell"
1466407589,20039228,0.014449,6.7906,"buy"
1466407589,20039230,0.014393,1.1,"buy"
1466407589,20039232,0.014396,4.7,"buy"
1466407589,20039234,0.014362,8.47914914,"buy"
1466407589,20039236,0.014363,2.102063,"buy"
1466407589,20039238,0.014371,3.2,"buy"
1466407589,20039240,0.014382,3.6,"buy"
1466407589,20039242,0.014417,2.7,"buy"
1466407589,20039244,0.014391,3.9,"buy"
1466407589,20039246,0.014382,2.1,"buy"
1466407589,20039248,0.014391,1.3,"buy"
1466407589,20039250,0.014471,11.4695175,"buy"
1466407589,20039252,0.014378,1,"buy"
1466407589,20039254,0.014449,10,"buy"
1466407589,20039256,0.014492,29.79700604,"buy"
1466407589,20039258,0.014449,5.4324,"buy"
1466407589,20039260,0.014499,650,"buy"
1466407589,20039262,0.014558,13.90627173,"buy"
1466407589,20039264,0.0145,2.470814,"buy"
1466407589,20039266,0.014559,169.17890597,"buy"
1466407589,20039268,0.014599,79.43548433,"buy"
1466407589,20039270,0.014574,500,"buy"
1466407589,20039272,0.01456,485.17,"buy"
1466407589,20039274,0.014598,2.16778829,"buy"
1466407594,20039280,0.014403,0.4,"sell"
1466407596,20039284,0.014368,1.7,"sell"
1466407596,20039286,0.014382,2.2,"sell"
1466407596,20039290,0.01436,6.1,"sell"
1466407597,20039292,0.01436,0.4,"sell"
1466407602,20039298,0.014366,0.1,"buy"
1466407603,20039300,0.014368,0.4,"buy"
1466407603,20039302,0.014368,0.4,"buy"
1466407605,20039304,0.014373,0.2,"sell"
1466407605,20039306,0.014368,0.2,"sell"
1466407613,20039308,0.014373,0.1,"buy"
1466407616,20039310,0.014374,9.8,"sell"
1466407616,20039312,0.014376,0.2,"sell"
1466407621,20039314,0.014379,10,"sell"
1466407633,20039316,0.014382,1.7,"buy"
1466407633,20039318,0.014382,0.478578,"buy"
1466407633,20039320,0.014381,0.1,"buy"
1466407642,20039322,0.014392,1.5,"buy"
1466407642,20039324,0.014382,0.821422,"buy"
1466407642,20039326,0.014396,2.2,"buy"
1466407642,20039328,0.014387,0.2,"buy"
1466407642,20039330,0.01454,0.10837534,"buy"
1466407642,20039332,0.014595,3.1,"buy"
1466407642,20039334,0.014541,20.46612794,"buy"
1466407642,20039336,0.014392,0.2,"buy"
1466407642,20039338,0.014417,0.4,"buy"
1466407642,20039340,0.01456,2.467771,"buy"
1466407642,20039342,0.0146,31.03630372,"buy"
1466407645,20039348,0.0144,0.4014426,"sell"
1466407645,20039350,0.014428,0.4,"sell"
1466407646,20039352,0.014537,13.427729,"buy"
1466407646,20039354,0.014442,0.3,"buy"
1466407646,20039356,0.014442,0.4,"buy"
1466407647,20039358,0.014433,14.127729,"buy"
1466407647,20039360,0.014429,9.95708224,"sell"
1466407647,20039362,0.014429,0.8014426,"sell"
1466407648,20039370,0.014429,0.8014426,"sell"
1466407650,20039372,0.014429,9.95708224,"sell"
1466407672,20039376,0.014469,16.66,"sell"
1466407677,20039378,0.014474,1.99649003,"sell"
1466407687,20039388,0.014472,2.730298,"sell"
1466407710,20039390,0.014536,12.74,"buy"
1466407710,20039392,0.014538,61.45380833,"buy"
1466407710,20039394,0.014537,5.69743443,"buy"
1466407710,20039396,0.014536,0.10875724,"buy"
1466407717,20039412,0.014498,2.59961145,"sell"
1466407717,20039414,0.014526,0.1,"sell"
1466407719,20039424,0.014503,6.518269,"sell"
1466407719,20039426,0.014503,112.371659,"sell"
1466407721,20039428,0.01453,0.2,"sell"
1466407721,20039430,0.014529,1.84,"buy"
1466407721,20039432,0.01453,4.08853173,"sell"
1466407721,20039436,0.01453,6.51435851,"sell"
1466407725,20039438,0.01453,4.088532,"sell"
1466407725,20039440,0.01453,13.910046,"sell"
1466407725,20039442,0.014535,0.2,"sell"
1466407732,20039444,0.014515,0.1,"buy"
1466407734,20039446,0.01455,2.43,"buy"
1466407734,20039448,0.014531,2.5,"buy"
1466407734,20039450,0.01455,0.2,"buy"
1466407734,20039452,0.014551,4.87,"buy"
1466407735,20039458,0.014548,7.5,"buy"
1466407751,20039478,0.01456,0.2,"sell"
1466407752,20039480,0.01456,6.7355552,"sell"
1466407754,20039500,0.01456,0.78135274,"sell"
1466407754,20039504,0.01456,0.1866464,"sell"
1466407755,20039508,0.014599,0.10878281,"buy"
1466407755,20039514,0.0146,9.89121719,"buy"
1466407758,20039544,0.0146,39.07247909,"buy"
1466407760,20039548,0.01462,0.3,"sell"
1466407762,20039550,0.014629,149.979,"buy"
1466407762,20039552,0.01463,2.463276,"buy"
1466407764,20039554,0.014634,2.5,"buy"
1466407765,20039558,0.01462,7.67025892,"sell"
1466407765,20039562,0.014634,2.6,"buy"
1466407766,20039566,0.01462,2.029741,"sell"
1466407775,20039568,0.014619,10,"buy"
1466407779,20039574,0.014618,10,"buy"
1466407795,20039596,0.014567,10,"sell"
1466407796,20039598,0.014619,10.10960769,"buy"
1466407802,20039608,0.014557,10,"sell"
1466407812,20039622,0.014618,5.891154,"buy"
1466407813,20039626,0.01462,6.37025892,"buy"
1466407813,20039628,0.01462,1.3,"buy"
1466407814,20039630,0.014636,1.3,"buy"
1466407814,20039632,0.014635,1.3,"buy"
1466407814,20039634,0.014636,1.4,"buy"
1466407814,20039636,0.01464,2.6,"buy"
1466407814,20039638,0.01465,1.1,"buy"
1466407815,20039640,0.014651,0.6,"buy"
1466407815,20039642,0.01465,2.6,"buy"
1466407836,20039644,0.014568,3.72278365,"sell"
1466407836,20039646,0.014568,6.27721635,"sell"
1466407842,20039650,0.01458,6.1,"sell"
1466407842,20039652,0.01458,3.9,"sell"
1466407852,20039660,0.014572,10,"sell"
1466407863,20039662,0.01465,1.0484479,"buy"
1466407864,20039664,0.01465,50.09416701,"buy"
1466407877,20039666,0.01465,100,"buy"
1466407892,20039670,0.014605,0.5,"sell"
1466407892,20039672,0.014616,0.1,"sell"
1466407892,20039674,0.014646,0.1,"sell"
1466407892,20039676,0.014603,0.3,"sell"
1466407921,20039692,0.014631,4.9,"buy"
1466407921,20039694,0.014619,0.4,"buy"
1466407934,20039706,0.01465,51.374711,"buy"
1466407939,20039712,0.01465,197.48267409,"buy"
1466407940,20039714,0.014648,1,"sell"
1466408008,20039726,0.014642,0.6,"sell"
1466408008,20039728,0.014648,0.4,"sell"
1466408020,20039738,0.01463,0.4,"buy"
1466408025,20039740,0.014646,0.6,"sell"
1466408025,20039742,0.014647,0.4,"sell"
1466408026,20039744,0.01465,0.4,"buy"
1466408030,20039746,0.014651,2.6,"buy"
1466408031,20039748,0.014659,0.2,"buy"
1466408031,20039750,0.014663,0.4,"buy"
1466408031,20039752,0.01467,0.5,"buy"
1466408031,20039754,0.014662,0.4,"buy"
1466408031,20039756,0.014685,3.7,"buy"
1466408031,20039758,0.014659,0.5,"buy"
1466408033,20039760,0.0147,10.47686785,"buy"
1466408049,20039762,0.014696,0.2,"sell"
1466408052,20039764,0.014677,0.2,"buy"
1466408054,20039766,0.014697,0.3,"buy"
1466408054,20039768,0.014695,19.8,"buy"
1466408057,20039770,0.0147,230.163,"buy"
1466408058,20039772,0.0147,10.460716,"buy"
1466408060,20039774,0.014697,0.2,"sell"
1466408061,20039776,0.01469,499.8,"buy"
1466408061,20039778,0.0147,118,"buy"
1466408062,20039780,0.014696,0.1,"buy"
1466408062,20039782,0.0147,163.384755,"buy"
1466408080,20039786,0.0147,55,"buy"
1466408088,20039792,0.014698,10,"sell"
1466408088,20039794,0.0147,35.881151,"buy"
1466408094,20039796,0.014699,10,"sell"
1466408094,20039798,0.0147,13.045925,"buy"
1466408094,20039800,0.0147,200,"buy"
1466408096,20039802,0.014699,3.04592455,"sell"
1466408096,20039804,0.014699,2.36,"buy"
1466408097,20039806,0.0147,163.58758515,"buy"
1466408097,20039808,0.0147,10,"buy"
1466408097,20039810,0.014759,0.10883469,"buy"
1466408097,20039812,0.01476,11.46886443,"buy"
1466408097,20039814,0.014711,0.2,"buy"
1466408097,20039816,0.014699,4.59407545,"buy"
1466408097,20039818,0.0148,639.89310093,"buy"
1466408097,20039820,0.014712,0.2,"buy"
1466408103,20039828,0.014743,3.59961692,"sell"
1466408103,20039830,0.014758,0.1,"sell"
1466408104,20039836,0.014797,20,"buy"
1466408111,20039844,0.014755,0.2,"buy"
1466408111,20039846,0.014782,2.45706694,"buy"
1466408111,20039848,0.014793,147.34293306,"buy"
1466408114,20039850,0.014792,1.15578945,"buy"
1466408114,20039852,0.014781,0.10891055,"buy"
1466408114,20039854,0.014747,0.2,"buy"
1466408121,20039886,0.014768,3.5,"sell"
1466408139,20039892,0.0148,360.10689907,"buy"
1466408139,20039894,0.0148,20,"buy"
1466408139,20039896,0.0148,119.89310093,"buy"
1466408149,20039900,0.0148,20,"buy"
1466408150,20039902,0.0148,5,"buy"
1466408150,20039904,0.0148,55.10689907,"buy"
1466408207,20039938,0.01484,0.25,"sell"
1466408207,20039940,0.014809,0.1,"sell"
1466408207,20039942,0.014795,0.5,"sell"
1466408207,20039944,0.01484,0.1,"sell"
1466408207,20039946,0.014761,1.1,"sell"
1466408207,20039948,0.014755,70.47867384,"sell"
1466408207,20039950,0.014779,0.5,"sell"
1466408213,20039952,0.01475,16,"sell"
1466408213,20039954,0.014732,0.2,"sell"
1466408213,20039956,0.014717,2.2,"sell"
1466408213,20039958,0.014746,3.7,"sell"
1466408213,20039960,0.01475,16,"sell"
1466408213,20039962,0.014751,7.08261418,"sell"
1466408213,20039964,0.014732,1,"sell"
1466408213,20039966,0.01471,335.28771622,"sell"
1466408215,20039968,0.014787,0.58,"buy"
1466408215,20039970,0.014762,0.1,"buy"
1466408215,20039972,0.014787,0.8,"buy"
1466408220,20039974,0.014758,2.02,"buy"
1466408220,20039976,0.014758,0.18,"buy"
1466408220,20039978,0.014758,0.22,"buy"
1466408222,20039980,0.014758,0.18,"buy"
1466408225,20039982,0.014766,1.3,"buy"
1466408225,20039984,0.014777,1.290024,"buy"
1466408225,20039986,0.014768,0.1,"buy"
1466408225,20039988,0.014768,1.2,"buy"
1466408225,20039990,0.014768,0.9,"buy"
1466408225,20039992,0.014777,3.6,"buy"
1466408225,20039994,0.014777,1.109976,"buy"
1466408226,20039996,0.01477,0.2,"buy"
1466408226,20039998,0.014777,1.3,"buy"
1466408226,20040000,0.014781,1.264133,"buy"
1466408226,20040002,0.014781,3,"buy"
1466408226,20040004,0.014781,0.235867,"buy"
1466408226,20040006,0.014799,0.5,"buy"
1466408226,20040008,0.014783,0.4,"buy"
1466408226,20040010,0.014787,0.035867,"buy"
1466408226,20040012,0.014787,0.484133,"buy"
1466408227,20040014,0.014799,2.535867,"buy"
1466408226,20040016,0.014799,0.728266,"buy"
1466408229,20040018,0.0148,1.264133,"buy"
1466408229,20040020,0.014799,0.035867,"buy"
1466408234,20040056,0.0148,48.735867,"buy"
1466408235,20040058,0.01481,0.5,"buy"
1466408236,20040060,0.01484,0.10973277,"buy"
1466408238,20040068,0.014853,9,"buy"
1466408238,20040070,0.01484,0.24026723,"buy"
1466408238,20040072,0.014842,0.24026723,"buy"
1466408238,20040074,0.01489,80.6843528,"buy"
1466408238,20040076,0.014842,0.1738661,"buy"
1466408238,20040080,0.0149,245.61852471,"buy"
1466408238,20040082,0.01489,9.24026723,"buy"
1466408240,20040090,0.0149,9.23368543,"buy"
1466408242,20040096,0.0149,102.78100208,"buy"
1466408242,20040100,0.0149,245.14778986,"buy"
1466408243,20040108,0.0149,751.20140939,"buy"
1466408243,20040110,0.0149,0.81156489,"buy"
1466408243,20040112,0.0149,65.19858531,"buy"
1466408243,20040114,0.0149,646.9196589,"buy"
1466408243,20040116,0.0149,433.08777943,"buy"
1466408247,20040144,0.0149,13.60544218,"sell"
1466408247,20040146,0.014903,10,"buy"
1466408249,20040152,0.014905,80,"buy"
1466408250,20040164,0.014905,216.90566923,"buy"
1466408251,20040168,0.014905,0.81276303,"buy"
1466408256,20040174,0.014904,2.463388,"buy"
1466408270,20040178,0.014889,3.51724427,"buy"
1466408286,20040188,0.014806,40,"sell"
1466408309,20040206,0.014812,0.24026723,"sell"
1466408320,20040208,0.0148,9,"sell"
1466408320,20040210,0.014799,1,"sell"
1466408322,20040212,0.014787,4.3,"sell"
1466408322,20040214,0.014789,1.1,"sell"
1466408322,20040216,0.014789,0.2,"sell"
1466408322,20040218,0.014789,4.4,"sell"
1466408325,20040220,0.014787,10,"sell"
1466408350,20040226,0.014787,1.7,"sell"
1466408354,20040228,0.014771,0.9,"sell"
1466408354,20040230,0.014779,3.2,"sell"
1466408354,20040232,0.014766,4.5,"sell"
1466408354,20040234,0.014786,3.7,"sell"
1466408374,20040238,0.014758,36,"sell"
1466408412,20040244,0.014761,0.1,"buy"
1466408420,20040248,0.014787,0.1,"sell"
1466408420,20040250,0.014785,7.781314,"sell"
1466408474,20040260,0.014759,155.48799364,"buy"
1466408475,20040264,0.014758,11.690287,"sell"
1466408476,20040270,0.014759,89.67355574,"buy"
1466408478,20040274,0.014759,1,"sell"
1466408481,20040280,0.014757,0.8,"sell"
1466408481,20040282,0.014756,2.46,"sell"
1466408491,20040290,0.014755,0.2,"sell"
1466408491,20040292,0.014756,0.94,"sell"
1466408491,20040294,0.014751,0.16,"sell"
1466408493,20040296,0.014751,1.14,"sell"
1466408501,20040298,0.014746,3.503,"sell"
1466408503,20040300,0.014733,2.703,"sell"
1466408503,20040302,0.014746,0.097,"sell"
1466408511,20040306,0.014718,7.686821,"sell"
1466408511,20040308,0.014732,0.1,"sell"
1466408511,20040310,0.014732,1,"sell"
1466408511,20040312,0.014732,3.2,"sell"
1466408512,20040314,0.014719,3.3,"sell"
1466408515,20040324,0.014724,0.1,"buy"
1466408515,20040326,0.014726,6.19014685,"buy"
1466408516,20040336,0.014726,23.58985315,"buy"
1466408517,20040340,0.014726,3.7799028,"sell"
1466408518,20040346,0.014721,7.27,"sell"
1466408518,20040348,0.014725,0.1,"sell"
1466408522,20040356,0.014723,7.07,"sell"
1466408523,20040360,0.014729,0.4,"buy"
1466408523,20040362,0.014738,7.99313352,"buy"
1466408528,20040364,0.014718,1,"sell"
1466408528,20040366,0.014732,0.2,"sell"
1466408530,20040376,0.014722,8.036104,"sell"
1466408530,20040378,0.014722,5.016043,"sell"
1466408549,20040384,0.014714,0.4,"sell"
1466408549,20040386,0.0147,2.00870427,"sell"
1466408549,20040388,0.014717,0.4,"sell"
1466408549,20040390,0.014717,0.6,"sell"
1466408567,20040400,0.0147,3,"sell"
1466408570,20040402,0.0147,1,"sell"
1466408575,20040404,0.01474,16,"buy"
1466408575,20040406,0.014758,0.5,"buy"
1466408575,20040408,0.01474,16,"buy"
1466408575,20040410,0.014735,4.9,"buy"
1466408575,20040412,0.014758,3.9,"buy"
1466408575,20040414,0.014762,2.2,"buy"
1466408575,20040416,0.014747,0.2,"buy"
1466408575,20040418,0.014705,0.1,"buy"
1466408575,20040420,0.01475,1.3,"buy"
1466408575,20040422,0.014768,3.2,"buy"
1466408575,20040424,0.014784,4.5,"buy"
1466408575,20040426,0.014768,0.1,"buy"
1466408575,20040428,0.014783,0.10928788,"buy"
1466408575,20040430,0.014787,3.4,"buy"
1466408575,20040432,0.014787,1.7,"buy"
1466408575,20040434,0.01479,16.8,"buy"
1466408575,20040436,0.01479,50.2,"buy"
1466408575,20040438,0.014804,1.1,"buy"
1466408575,20040440,0.014804,0.2,"buy"
1466408575,20040442,0.014807,3.7,"buy"
1466408575,20040444,0.014797,0.9,"buy"
1466408575,20040446,0.014889,84.11289642,"buy"
1466408575,20040448,0.014804,4.4,"buy"
1466408575,20040450,0.014816,650,"buy"
1466408575,20040452,0.014817,10,"buy"
1466408576,20040454,0.014706,3.9,"sell"
1466408576,20040456,0.014706,0.6,"sell"
1466408575,20040458,0.014835,20.4778157,"buy"
1466408576,20040460,0.014706,0.5,"sell"
1466408577,20040462,0.014706,2.3,"sell"
1466408577,20040464,0.014706,0.11,"sell"
1466408577,20040468,0.014706,4.9,"sell"
1466408580,20040470,0.014706,1.3,"sell"
1466408580,20040472,0.014706,2.2,"sell"
1466408580,20040474,0.014706,4.1,"sell"
1466408580,20040476,0.014706,4.41,"sell"
1466408580,20040478,0.014706,3.4,"sell"
1466408580,20040480,0.014706,1.2,"sell"
1466408580,20040482,0.014706,1.7,"sell"
1466408580,20040484,0.014706,1.69,"sell"
1466408586,20040494,0.01472,7.6,"buy"
1466408588,20040500,0.01472,3.46982849,"buy"
1466408590,20040504,0.014706,3.2,"sell"
1466408590,20040506,0.014706,0.09,"sell"
1466408634,20040510,0.0147,45.501201,"sell"
1466408634,20040512,0.014705,0.2,"sell"
1466408636,20040514,0.0147,15,"sell"
1466408638,20040516,0.0147,35.002299,"sell"
1466408640,20040518,0.0147,11.351926,"sell"
1466408670,20040520,0.0147,1.097544,"sell"
1466408684,20040524,0.0147,9.692152,"sell"
1466408697,20040526,0.0147,15.957,"sell"
1466408698,20040528,0.0147,19.617359,"sell"
1466408698,20040530,0.0147,4.2,"sell"
1466408698,20040532,0.0147,5.1,"sell"
1466408700,20040534,0.0147,6.65699974,"sell"
1466408717,20040544,0.014687,1.497845,"sell"
1466408737,20040550,0.014687,0.24496317,"sell"
1466408753,20040556,0.014687,1.91,"sell"
1466408776,20040558,0.014645,4.35280817,"sell"
1466408776,20040560,0.014687,0.54719183,"sell"
1466408776,20040562,0.01466,4.9,"sell"
1466408776,20040564,0.014662,0.2,"sell"
1466408781,20040566,0.014645,10,"sell"
1466408786,20040568,0.014646,10,"sell"
1466408830,20040570,0.014645,5,"sell"
1466408882,20040574,0.014645,2,"sell"
1466408924,20040578,0.014648,0.2,"buy"
1466408924,20040580,0.014648,0.2,"buy"
1466408965,20040584,0.014677,2.6,"buy"
1466408965,20040586,0.01469,2.0720962,"buy"
1466408965,20040588,0.01469,0.88702677,"buy"
1466408965,20040590,0.01469,2.1,"buy"
1466408971,20040592,0.01469,9.46600085,"buy"
1466408971,20040594,0.01469,1.69302405,"buy"
1466408987,20040596,0.01469,2.2,"buy"
1466408987,20040598,0.01469,2.18185213,"buy"
1466408989,20040600,0.01471,1.417145,"buy"
1466408998,20040602,0.014722,1.1,"buy"
1466408998,20040604,0.01471,0.782855,"buy"
1466408998,20040606,0.014721,1.8,"buy"
1466408998,20040608,0.014722,3.6,"buy"
1466408998,20040610,0.01472,0.2,"buy"
1466408998,20040612,0.014723,0.617145,"buy"
1466409000,20040614,0.014723,2.782855,"buy"
1466409000,20040618,0.014723,3.2,"buy"
1466409000,20040620,0.014723,1.5,"buy"
1466409003,20040622,0.014727,1.154425,"buy"
1466409003,20040624,0.014731,27.524978,"buy"
1466409003,20040626,0.014727,2.245575,"buy"
1466409003,20040628,0.014736,0.594297,"buy"
1466409003,20040630,0.014732,3.2,"buy"
1466409005,20040636,0.014736,3.2,"buy"
1466409005,20040638,0.014736,3.4,"buy"
1466409006,20040640,0.014736,13.97,"buy"
1466409008,20040642,0.014735,11.309403,"buy"
1466409008,20040644,0.014737,0.71087406,"buy"
1466409008,20040646,0.014736,1.08912594,"buy"
1466409008,20040648,0.014737,3.28912594,"buy"
1466409008,20040650,0.014735,1.97972294,"buy"
1466409008,20040652,0.014736,6.72027706,"buy"
1466409008,20040654,0.014739,4.2,"buy"
1466409008,20040656,0.014739,2.3,"buy"
1466409008,20040658,0.014736,3.5,"buy"
1466409008,20040660,0.014742,3,"buy"
1466409008,20040662,0.014748,0.6,"buy"
1466409008,20040664,0.014737,4.7,"buy"
1466409008,20040666,0.014742,0.5,"buy"
1466409008,20040668,0.01476,23.41087406,"buy"
1466409009,20040670,0.014748,3.3,"sell"
1466409008,20040672,0.014748,2.7,"buy"
1466409011,20040678,0.014735,0.1,"buy"
1466409025,20040690,0.014722,0.2,"buy"
1466409027,20040692,0.01475,65,"sell"
1466409037,20040694,0.01476,0.9,"buy"
1466409046,20040698,0.01476,0.2,"buy"
1466409076,20040706,0.01476,10,"buy"
1466409085,20040710,0.01476,4,"buy"
1466409105,20040716,0.014876,0.11087406,"buy"
1466409105,20040718,0.01476,1.48912594,"buy"
1466409105,20040720,0.01479,13.4,"buy"
1466409108,20040724,0.014769,0.383864,"sell"
1466409108,20040726,0.01479,0.1,"buy"
1466409108,20040728,0.01477,2.2,"sell"
1466409115,20040730,0.014769,0.1,"buy"
1466409115,20040732,0.01476,0.1,"buy"
1466409123,20040734,0.014762,0.2,"sell"
1466409187,20040738,0.01479,50.9,"buy"
1466409187,20040740,0.014756,1.31353064,"buy"
1466409187,20040742,0.014757,0.2,"buy"
1466409187,20040744,0.01479,38.1,"buy"
1466409187,20040746,0.014785,1.5,"buy"
1466409187,20040748,0.014769,2.0875517,"buy"
1466409187,20040750,0.014777,0.2,"buy"
1466409187,20040752,0.01479,0.1,"buy"
1466409187,20040754,0.014785,2.2,"buy"
1466409188,20040756,0.0148,177.7,"sell"
1466409190,20040760,0.0148,41.105164,"sell"
1466409190,20040762,0.0148,2.68,"sell"
1466409191,20040764,0.0148,2.723676,"sell"
1466409191,20040766,0.0148,1.036324,"sell"
1466409191,20040768,0.0148,2.47,"sell"
1466409191,20040770,0.0148,1.516324,"sell"
1466409192,20040772,0.0148,1.113531,"sell"
1466409192,20040774,0.014804,0.2,"sell"
1466409192,20040776,0.0148,1.31353,"sell"
1466409193,20040778,0.0148,6.2,"sell"
1466409194,20040780,0.0148,5.572448,"sell"
1466409195,20040782,0.0148,3.82,"sell"
1466409195,20040784,0.0148,1.17,"sell"
1466409204,20040786,0.0148,2.91,"sell"
1466409212,20040790,0.0148,3.99958,"sell"
1466409219,20040792,0.0148,100,"sell"
1466409223,20040794,0.0148,150.273,"sell"
1466409250,20040796,0.0148,20,"sell"
1466409268,20040806,0.0148,200,"sell"
1466409269,20040808,0.0148,200,"sell"
1466409325,20040816,0.014821,0.2,"buy"
1466409325,20040818,0.014802,0.4,"buy"
1466409333,20040822,0.01485,15,"buy"
1466409348,20040824,0.01485,25,"buy"
1466409349,20040826,0.01485,17.54026723,"buy"
1466409351,20040828,0.014889,20.54026723,"buy"
1466409351,20040830,0.01485,12.45973277,"buy"
1466409374,20040842,0.014842,4.9,"sell"
1466409374,20040844,0.014885,0.2,"sell"
1466409374,20040846,0.014856,4.9,"sell"
1466409375,20040848,0.014842,10,"sell"
1466409376,20040850,0.014842,10,"sell"
1466409378,20040852,0.014842,10,"sell"
1466409392,20040854,0.014825,2.2,"sell"
1466409392,20040856,0.014825,7.7,"sell"
1466409392,20040858,0.01484,0.1,"sell"
1466409396,20040860,0.014825,10,"sell"
1466409396,20040862,0.014889,14.14873277,"buy"
1466409396,20040864,0.014847,0.7,"buy"
1466409396,20040866,0.014871,4.9,"buy"
1466409396,20040868,0.014847,2.2,"buy"
1466409396,20040870,0.014832,0.2,"buy"
1466409396,20040872,0.01486,3.9,"buy"
1466409396,20040874,0.014856,2,"buy"
1466409396,20040876,0.0149,0.2,"buy"
1466409396,20040878,0.0149,5,"buy"
1466409396,20040880,0.014905,36.75126723,"buy"
1466409401,20040884,0.014866,0.2,"sell"
1466409401,20040886,0.014845,1.8,"sell"
1466409440,20040888,0.014845,2.6,"sell"
1466409440,20040890,0.014845,2.1,"sell"
1466409440,20040892,0.014845,1.4,"sell"
1466409441,20040896,0.014825,49.764,"sell"
1466409441,20040898,0.01484,1.5,"sell"
1466409441,20040900,0.01484,2,"sell"
1466409441,20040902,0.014825,0.6,"sell"
1466409441,20040904,0.014825,1.4,"sell"
1466409443,20040906,0.01482,1.2,"sell"
1466409444,20040908,0.01482,3,"sell"
1466409456,20040910,0.01482,3,"sell"
1466409460,20040912,0.01482,12.8,"sell"
1466409460,20040914,0.014811,1.3,"sell"
1466409460,20040916,0.0148,0.89071545,"sell"
1466409460,20040918,0.014817,0.2,"sell"
1466409464,20040920,0.0148,400,"sell"
1466409468,20040922,0.0148,78,"sell"
1466409529,20040928,0.0148,47,"sell"
1466409530,20040930,0.0148,33,"sell"
1466409539,20040936,0.0148,4.894918,"sell"
1466409556,20040938,0.0148,10,"sell"
1466409556,20040940,0.0148,56.92816,"sell"
1466409559,20040942,0.0148,11.71994238,"sell"
1466409561,20040944,0.0148,11.71994238,"sell"
1466409562,20040946,0.0148,10,"sell"
1466409566,20040950,0.0148,10,"sell"
1466409567,20040952,0.0148,2.19538,"sell"
1466409568,20040954,0.0148,11.71994238,"sell"
1466409570,20040956,0.0148,11.71994238,"sell"
1466409570,20040958,0.0148,2.19538,"sell"
1466409572,20040960,0.0148,11.71994238,"sell"
1466409574,20040962,0.0148,2.19538,"sell"
1466409575,20040964,0.0148,11.71994238,"sell"
1466409576,20040966,0.0148,177.7,"sell"
1466409577,20040968,0.0148,177.7,"sell"
1466409577,20040970,0.0148,100,"sell"
1466409577,20040972,0.0148,177.7,"sell"
1466409577,20040974,0.0148,77.167,"sell"
1466409578,20040976,0.0148,177.7,"sell"
1466409578,20040978,0.0148,2.19538,"sell"
1466409579,20040980,0.0148,11.71994238,"sell"
1466409579,20040982,0.0148,177.7,"sell"
1466409579,20040984,0.0148,44.725614,"sell"
1466409579,20040986,0.0148,1,"sell"
1466409579,20040988,0.0148,177.7,"sell"
1466409580,20040990,0.0148,1,"sell"
1466409580,20040992,0.0148,177.7,"sell"
1466409580,20040994,0.0148,177.7,"sell"
1466409581,20040996,0.0148,177.7,"sell"
1466409581,20040998,0.0148,177.7,"sell"
1466409581,20041000,0.0148,177.7,"sell"
1466409582,20041002,0.0148,177.7,"sell"
1466409582,20041004,0.0148,10.900758,"sell"
1466409582,20041006,0.0148,177.7,"sell"
1466409582,20041008,0.0148,158.267059,"sell"
1466409583,20041010,0.0148,4.7,"sell"
1466409583,20041012,0.0148,4.7,"sell"
1466409583,20041014,0.0148,173,"sell"
1466409584,20041016,0.0148,155.843,"sell"
1466409585,20041018,0.0148,11.71994238,"sell"
1466409585,20041020,0.0148,177.7,"sell"
1466409585,20041022,0.0148,4.7,"sell"
1466409587,20041024,0.0148,0.73705717,"sell"
1466409587,20041026,0.014797,3.69999983,"sell"
1466409589,20041028,0.014797,1,"sell"
1466409591,20041030,0.014778,3.7,"sell"
1466409591,20041032,0.014787,0.4,"sell"
1466409598,20041036,0.014774,0.4,"buy"
1466409598,20041038,0.014796,19.6,"buy"
1466409616,20041044,0.014792,0.1,"sell"
1466409623,20041050,0.014763,1.1,"sell"
1466409623,20041052,0.014706,0.5,"sell"
1466409623,20041054,0.014707,2.7,"sell"
1466409623,20041056,0.014706,2.8,"sell"
1466409623,20041058,0.01477,1.5,"sell"
1466409623,20041060,0.014759,0.4,"sell"
1466409623,20041062,0.014736,0.8,"sell"
1466409623,20041064,0.014742,0.2,"sell"
1466409625,20041066,0.014707,10,"sell"
1466409628,20041068,0.014742,0.4,"buy"
1466409634,20041072,0.014742,0.4,"sell"
1466409634,20041074,0.014742,0.4,"sell"
1466409634,20041076,0.014713,1.38029743,"sell"
1466409634,20041078,0.014743,7.31970257,"sell"
1466409634,20041080,0.014748,0.1,"sell"
1466409634,20041082,0.014742,0.4,"sell"
1466409636,20041084,0.014749,0.2,"sell"
1466409647,20041088,0.014721,49.9,"sell"
1466409647,20041090,0.014752,0.1,"sell"
1466409649,20041092,0.014721,10,"sell"
1466409650,20041094,0.014731,0.2,"buy"
1466409658,20041098,0.014751,0.1,"sell"
1466409659,20041100,0.01474,0.2,"buy"
1466409661,20041102,0.01475,5.46828763,"buy"
1466409707,20041108,0.014706,8.2,"sell"
1466409707,20041110,0.014747,0.1,"sell"
1466409707,20041112,0.014713,0.2,"sell"
1466409707,20041114,0.014711,156.198,"sell"
1466409707,20041116,0.014725,0.2,"sell"
1466409707,20041118,0.01471,16,"sell"
1466409707,20041120,0.01471,16,"sell"
1466409707,20041122,0.014705,3,"sell"
1466409707,20041124,0.014707,166.683,"sell"
1466409707,20041126,0.01472,0.2,"sell"
1466409707,20041128,0.014696,3.6,"sell"
1466409707,20041130,0.014705,4.7,"sell"
1466409707,20041132,0.014706,649,"sell"
1466409707,20041134,0.014689,2.2,"sell"
1466409707,20041136,0.014666,10.94344213,"sell"
1466409707,20041138,0.01466,3.2,"sell"
1466409707,20041140,0.014624,5.356668,"sell"
1466409707,20041142,0.014674,2.1,"sell"
1466409707,20041144,0.014659,0.5,"sell"
1466409707,20041146,0.014662,2.6,"sell"
1466409707,20041148,0.01464,3.13619918,"sell"
1466409707,20041150,0.014639,4,"sell"
1466409707,20041152,0.01463,10,"sell"
1466409707,20041154,0.014686,2.2,"sell"
1466409707,20041156,0.014625,3.67111111,"sell"
1466409707,20041158,0.014611,23.70932646,"sell"
1466409707,20041160,0.01462,2.388555,"sell"
1466409726,20041168,0.014626,10,"sell"
1466409727,20041170,0.014626,10,"sell"
1466409729,20041176,0.014626,139.672,"sell"
1466409729,20041180,0.014626,860.328,"sell"
1466409730,20041182,0.014663,0.2,"buy"
1466409730,20041184,0.014626,10,"sell"
1466409730,20041186,0.014691,1,"buy"
1466409730,20041188,0.014706,3.5,"buy"
1466409731,20041196,0.014689,0.8,"sell"
1466409731,20041198,0.014676,1,"sell"
1466409731,20041200,0.014627,1.2,"sell"
1466409731,20041202,0.014676,2.8,"sell"
1466409731,20041204,0.014627,0.2,"sell"
1466409731,20041206,0.014689,3.5,"sell"
1466409731,20041208,0.014648,0.3,"sell"
1466409731,20041210,0.014648,0.2,"sell"
1466409733,20041214,0.014691,2.09999417,"buy"
1466409733,20041216,0.014691,2.7,"buy"
1466409733,20041218,0.014706,0.4,"buy"
1466409733,20041220,0.014706,0.8,"buy"
1466409735,20041226,0.014695,0.2,"sell"
1466409735,20041228,0.014676,2.1,"sell"
1466409735,20041230,0.014677,148.735,"sell"
1466409736,20041232,0.01463,4.4,"buy"
1466409736,20041234,0.01463,9.26103391,"buy"
1466409736,20041236,0.01463,35.30396609,"buy"
1466409739,20041242,0.014691,2.29999424,"buy"
1466409739,20041244,0.014691,4.4,"buy"
1466409742,20041250,0.014692,10,"sell"
1466409745,20041252,0.014694,10,"sell"
1466409752,20041272,0.014697,0.1,"buy"
1466409752,20041276,0.014721,3.2,"buy"
1466409752,20041278,0.014727,3.3,"buy"
1466409752,20041280,0.014719,0.2,"buy"
1466409752,20041282,0.014727,4,"buy"
1466409752,20041284,0.014735,1.5,"buy"
1466409752,20041286,0.014736,0.5,"buy"
1466409752,20041288,0.01475,4.43171237,"buy"
1466409752,20041290,0.014736,1,"buy"
1466409752,20041294,0.01475,1.1,"buy"
1466409796,20041300,0.014717,4.9,"sell"
1466409796,20041302,0.014745,0.1,"sell"
1466409901,20041330,0.014791,3.2,"buy"
1466409901,20041332,0.014797,1.00000017,"buy"
1466409901,20041334,0.014773,2.7,"buy"
1466409901,20041336,0.014765,4,"buy"
1466409901,20041338,0.014721,0.4,"buy"
1466409901,20041340,0.0148,0.73705717,"buy"
1466409901,20041342,0.014791,0.8,"buy"
1466409901,20041344,0.014779,4.2,"buy"
1466409901,20041346,0.014816,3.7,"buy"
1466409901,20041348,0.014773,3.9,"buy"
1466409901,20041350,0.014807,1.1,"buy"
1466409901,20041352,0.01483,4.36294266,"buy"
1466409963,20041362,0.014822,0.1,"sell"
1466409998,20041366,0.014795,5.50591002,"buy"
1466409998,20041368,0.014796,0.1,"buy"
1466409999,20041370,0.0148,151.75,"sell"
1466410000,20041372,0.0148,2.546707,"sell"
1466410023,20041374,0.014817,0.1,"sell"
1466410097,20041384,0.0148,224.502531,"sell"
1466410103,20041386,0.0148,125,"sell"
1466410115,20041394,0.0148,85,"sell"
1466410115,20041396,0.0148,141.820723,"sell"
1466410129,20041400,0.0148,502,"sell"
1466410145,20041402,0.0148,24,"sell"
1466410178,20041438,0.0148,1.66030318,"sell"
1466410178,20041440,0.0148,6.516587,"sell"
1466410179,20041444,0.0148,0.78696857,"sell"
1466410179,20041446,0.0148,27.1199706,"sell"
1466410247,20041450,0.0148,1.00701261,"sell"
1466410264,20041452,0.0148,0.11773334,"sell"
1466410274,20041454,0.0148,10,"sell"
1466410300,20041456,0.0148,3.98,"sell"
1466410310,20041458,0.0148,2.49744039,"sell"
1466410313,20041460,0.0148,100,"sell"
1466410332,20041478,0.0148,20.02475373,"sell"
1466410334,20041482,0.0148,1.99,"sell"
1466410340,20041484,0.0148,46.38,"sell"
1466410364,20041490,0.0148,100,"sell"
1466410426,20041494,0.0148,9.67391876,"sell"
1466410435,20041496,0.0148,20,"sell"
1466410447,20041498,0.0148,0.23682234,"sell"
1466410449,20041500,0.0148,89.40274,"sell"
1466410450,20041504,0.0148,3.642894,"sell"
1466410450,20041508,0.0148,1.73342114,"sell"
1466410456,20041510,0.0148,15.343903,"sell"
1466410457,20041512,0.0148,20,"sell"
1466410462,20041514,0.0148,193.53,"sell"
1466410464,20041516,0.014794,0.4,"sell"
1466410464,20041518,0.014716,1.1,"sell"
1466410464,20041520,0.014725,4,"sell"
1466410464,20041522,0.014743,0.5,"sell"
1466410464,20041524,0.0148,66.92966032,"sell"
1466410464,20041526,0.014725,3.7,"sell"
1466410464,20041528,0.014734,4.2,"sell"
1466410464,20041530,0.014734,3.2,"sell"
1466410464,20041532,0.014778,2.6,"sell"
1466410464,20041534,0.014734,3.2,"sell"
1466410464,20041536,0.014728,2.7,"sell"
1466410464,20041538,0.014734,2,"sell"
1466410464,20041540,0.014765,1.7,"sell"
1466410464,20041542,0.014709,3.77033968,"sell"
1466410532,20041550,0.014712,50,"sell"
1466410559,20041552,0.014712,49,"sell"
1466410571,20041554,0.014712,1,"sell"
1466410683,20041578,0.014712,5,"sell"
1466410695,20041584,0.014712,5,"sell"
1466410700,20041586,0.014712,5,"sell"
1466410703,20041588,0.014713,5,"sell"
1466410711,20041590,0.014713,1,"sell"
1466410716,20041592,0.014713,2,"sell"
1466410723,20041594,0.014713,4,"sell"
1466410728,20041606,0.014713,3.84744461,"sell"
1466410728,20041608,0.014713,1.36056696,"sell"
1466410760,20041614,0.014756,2.2,"buy"
1466410760,20041616,0.014762,0.7,"buy"
1466410760,20041618,0.014714,0.1,"buy"
1466410760,20041620,0.014762,0.8,"buy"
1466410760,20041622,0.014742,4.2,"buy"
1466410785,20041628,0.014762,2,"buy"
1466410785,20041630,0.014765,3.7,"buy"
1466410785,20041632,0.014765,0.1,"buy"
1466410786,20041634,0.014765,2,"buy"
1466410801,20041636,0.014773,2.2,"buy"
1466410801,20041638,0.014771,0.5,"buy"
1466410801,20041640,0.014779,3.2,"buy"
1466410801,20041642,0.014791,2,"buy"
1466410801,20041644,0.0148,78.7,"buy"
1466410801,20041646,0.014771,3,"buy"
1466410801,20041648,0.014795,2.6,"buy"
1466410801,20041650,0.014791,1,"buy"
1466410801,20041652,0.014788,1.7,"buy"
1466410801,20041654,0.014779,1.1,"buy"
1466411087,20041718,0.014784,0.15746202,"sell"
1466411087,20041720,0.014805,0.2,"sell"
1466411091,20041722,0.014795,0.4,"buy"
1466411146,20041800,0.01487,16,"buy"
1466411146,20041802,0.014821,15.99741989,"buy"
1466411146,20041804,0.01483,0.33705734,"buy"
1466411146,20041806,0.01482,0.2,"buy"
1466411146,20041808,0.014856,1.5,"buy"
1466411146,20041810,0.014817,0.9,"buy"
1466411146,20041812,0.014838,1.3,"buy"
1466411146,20041814,0.014855,0.10935631,"buy"
1466411146,20041816,0.014847,1.3,"buy"
1466411146,20041818,0.014822,0.9,"buy"
1466411146,20041820,0.01486,4,"buy"
1466411146,20041822,0.01487,16,"buy"
1466411146,20041824,0.014809,0.4,"buy"
1466411146,20041826,0.014881,0.2,"buy"
1466411146,20041828,0.014889,500,"buy"
1466411146,20041830,0.01489,9.18083798,"buy"
1466411158,20041850,0.014818,2,"buy"
1466411159,20041854,0.014817,0.4,"buy"
1466411160,20041868,0.014816,2.16760892,"sell"
1466411160,20041872,0.014816,7.77829453,"sell"
1466411162,20041878,0.014816,5.525618,"sell"
1466411165,20041880,0.014816,10.68843653,"sell"
1466411166,20041884,0.014816,6.39896702,"sell"
1466411167,20041892,0.014818,0.4,"buy"
1466411167,20041894,0.014816,10.6892049,"buy"
1466411167,20041896,0.014816,2.02970275,"buy"
1466411167,20041902,0.01482,5.9119027,"sell"
1466411168,20041912,0.01482,80.96882251,"sell"
1466411169,20041916,0.014825,19.00776244,"sell"
1466411170,20041928,0.014831,0.2,"sell"
1466411170,20041930,0.01482,0.00036714,"sell"
1466411170,20041932,0.01482,12.10375516,"buy"
1466411172,20041934,0.014821,12.10375516,"sell"
1466411192,20041940,0.014815,2.2,"sell"
1466411192,20041942,0.014809,97.6906,"sell"
1466411192,20041944,0.01481,0.1094,"sell"
1466411506,20042074,0.014804,100,"sell"
1466411525,20042078,0.014804,0.2,"buy"
1466411525,20042080,0.014804,1.032596,"buy"
1466411525,20042082,0.014804,76,"buy"
1466411535,20042090,0.014829,9.78499045,"sell"
1466411535,20042092,0.014829,0.2,"sell"
1466411536,20042094,0.014829,2.97808311,"sell"
1466411536,20042100,0.01483,34.57966148,"sell"
1466411538,20042106,0.014831,12.76307377,"sell"
1466411538,20042110,0.014831,0.00037282,"sell"
1466411582,20042118,0.014802,0.4,"sell"
1466411582,20042120,0.014801,2.7,"sell"
1466411583,20042122,0.014789,0.12503488,"sell"
1466411605,20042134,0.014789,0.07496512,"sell"
1466411605,20042136,0.014786,2.1,"sell"
1466411634,20042142,0.01478,0.4,"sell"
1466411634,20042144,0.014747,1.7,"sell"
1466411634,20042146,0.014771,1.8,"sell"
1466411634,20042148,0.014733,0.264393,"sell"
1466411634,20042150,0.01475,2.2,"sell"
1466411634,20042152,0.014742,3,"sell"
1466411634,20042154,0.014739,2.2,"sell"
1466411658,20042188,0.014733,4.9,"sell"
1466411658,20042192,0.014733,0.60048879,"sell"
1466411658,20042194,0.014733,1.1,"sell"
1466411658,20042196,0.014733,0.735607,"sell"
1466411660,20042198,0.014733,0.7506996,"sell"
1466411668,20042208,0.014733,0.94881161,"sell"
1466411668,20042210,0.014728,0.8,"sell"
1466411668,20042212,0.014727,2.51884418,"sell"
1466411682,20042216,0.014727,1.5,"sell"
1466411685,20042220,0.014727,0.18115582,"sell"
1466411687,20042224,0.014725,2.1,"sell"
1466411687,20042226,0.014714,0.1,"sell"
1466411695,20042228,0.014705,3.3,"sell"
1466411695,20042230,0.014707,1.5,"sell"
1466411695,20042232,0.014705,3.9,"sell"
1466411695,20042234,0.0147,315.3,"sell"
1466411704,20042242,0.0147,38.47896388,"sell"
1466411711,20042250,0.0147,396.074573,"sell"
1466411711,20042254,0.0147,287.97164506,"sell"
1466411714,20042256,0.0147,10,"sell"
1466411714,20042258,0.0147,0.81884418,"sell"
1466411716,20042262,0.0147,10,"sell"
1466411718,20042264,0.0147,10,"sell"
1466411720,20042266,0.014706,33.429795,"buy"
1466411720,20042268,0.0147,100,"sell"
1466411720,20042270,0.014706,4.28877025,"buy"
1466411720,20042272,0.014709,62.28143475,"buy"
1466411721,20042282,0.0147,300,"sell"
1466411722,20042288,0.0147,327.959585,"sell"
1466411725,20042290,0.0147,0.75390452,"sell"
1466411726,20042294,0.0147,444,"sell"
1466411730,20042296,0.0147,1000,"sell"
1466411738,20042298,0.0147,22.841964,"sell"
1466411742,20042300,0.0147,3,"sell"
1466411743,20042302,0.0147,27.806431,"sell"
1466411744,20042306,0.0147,50,"sell"
1466411744,20042308,0.0147,865.59122811,"sell"
1466411745,20042324,0.014699,3.2,"sell"
1466411746,20042326,0.014689,0.4,"sell"
1466411746,20042328,0.014676,2.2,"sell"
1466411746,20042330,0.014658,0.880741,"sell"
1466411746,20042332,0.01464,0.45290419,"sell"
1466411746,20042334,0.014658,0.119259,"sell"
1466411746,20042336,0.014658,4.4,"sell"
1466411746,20042338,0.01464,0.4484609,"sell"
1466411746,20042340,0.01464,0.29131442,"sell"
1466411746,20042342,0.01464,0.80891883,"sell"
1466411746,20042344,0.01464,0.91338878,"sell"
1466411746,20042346,0.01464,0.63871109,"sell"
1466411746,20042348,0.01464,0.83297562,"sell"
1466411746,20042350,0.01464,0.65368378,"sell"
1466411746,20042352,0.01464,0.10316493,"sell"
1466411746,20042354,0.01464,0.55647746,"sell"
1466411749,20042362,0.01464,0.32903549,"sell"
1466411749,20042364,0.01464,0.33713885,"sell"
1466411749,20042366,0.01464,0.33382566,"sell"
1466411755,20042368,0.01464,0.49251573,"sell"
1466411755,20042370,0.01464,0.68822574,"sell"
1466411755,20042372,0.01463,0.65314424,"sell"
1466411755,20042374,0.01463,0.96450096,"sell"
1466411755,20042376,0.01464,0.63874506,"sell"
1466411755,20042378,0.014637,3.2,"sell"
1466411755,20042380,0.01463,0.19866681,"sell"
1466411755,20042382,0.01463,0.77123677,"sell"
1466411755,20042384,0.014637,2.5,"sell"
1466411755,20042386,0.01463,0.3883571,"sell"
1466411755,20042388,0.01463,0.36562407,"sell"
1466411755,20042390,0.01463,0.81531071,"sell"
1466411755,20042392,0.01463,0.31600874,"sell"
1466411759,20042394,0.014576,50,"sell"
1466411767,20042396,0.014578,1,"sell"
1466411776,20042398,0.014571,1,"sell"
1466411781,20042402,0.014682,55.77266054,"buy"
1466411782,20042404,0.01457,3.2,"sell"
1466411782,20042406,0.01457,16,"sell"
1466411782,20042408,0.01457,16,"sell"
1466411783,20042410,0.01457,3.95070883,"buy"
1466411785,20042416,0.01457,1,"buy"
1466411802,20042426,0.014511,10,"sell"
1466411806,20042432,0.014511,8.3895037,"sell"
1466411806,20042436,0.014511,10,"sell"
1466411813,20042444,0.014512,3.9908697,"sell"
1466411813,20042446,0.014511,96.0091303,"sell"
1466411814,20042452,0.014511,10,"sell"
1466411815,20042454,0.014511,19.97559362,"sell"
1466411816,20042462,0.014511,23.14777238,"sell"
1466411816,20042464,0.01451,76.85222762,"sell"
1466411817,20042468,0.01451,10,"sell"
1466411819,20042476,0.014511,3.9908697,"buy"
1466411820,20042478,0.01451,20.03424096,"sell"
1466411821,20042482,0.01451,3.92789842,"sell"
1466411821,20042484,0.0145,6.07210158,"sell"
1466411823,20042486,0.0145,10,"sell"
1466411826,20042490,0.0145,10,"sell"
1466411827,20042492,0.014511,7.40923331,"buy"
1466411827,20042494,0.014505,0.2,"buy"
1466411829,20042496,0.014511,7.56193282,"buy"
1466411831,20042498,0.014504,0.2,"sell"
1466411831,20042500,0.0145,9.8,"sell"
1466411832,20042502,0.014511,1.73391122,"buy"
1466411835,20042504,0.014471,1.34,"sell"
1466411835,20042506,0.01447,11.68677518,"sell"
1466411835,20042508,0.01445,72.6453264,"sell"
1466411835,20042510,0.0145,14.12789842,"sell"
1466411835,20042512,0.01449,0.2,"sell"
1466411836,20042514,0.01445,10,"sell"
1466411837,20042516,0.01447,10,"sell"
1466411840,20042520,0.014422,97.6453264,"sell"
1466411840,20042522,0.01445,2.3546736,"sell"
1466411841,20042524,0.014422,10,"sell"
1466411844,20042526,0.014422,10,"sell"
1466411848,20042528,0.014422,10,"sell"
1466411854,20042532,0.014422,10,"sell"
1466411861,20042536,0.014422,5,"sell"
1466411862,20042538,0.014415,283.8333264,"sell"
1466411862,20042540,0.014422,34.1666736,"sell"
1466411862,20042542,0.014421,4,"sell"
1466411863,20042544,0.01437,0.42436795,"sell"
1466411863,20042546,0.014368,2.17,"sell"
1466411863,20042548,0.014367,1.3,"sell"
1466411863,20042550,0.01435,0.67037838,"sell"
1466411863,20042552,0.014348,0.43525367,"sell"
1466411865,20042554,0.014349,5,"sell"
1466411871,20042556,0.01435,80,"sell"
1466411891,20042562,0.014353,39,"sell"
1466411893,20042564,0.014355,100,"sell"
1466411894,20042566,0.014332,3.7,"sell"
1466411894,20042568,0.014325,3.2,"sell"
1466411894,20042570,0.014354,31.59569,"sell"
1466411894,20042572,0.0143,52.93956367,"sell"
1466411894,20042574,0.014323,3.7,"sell"
1466411894,20042576,0.014348,1.66474633,"sell"
1466411894,20042578,0.014342,3.2,"sell"
1466411930,20042588,0.01436,1,"sell"
1466411946,20042612,0.014361,1,"sell"
1466411947,20042614,0.014361,15.75,"sell"
1466411947,20042616,0.01436,4.73727814,"sell"
1466411950,20042620,0.01436,20.48727814,"sell"
1466411952,20042622,0.01436,1,"sell"
1466411968,20042630,0.01436,1,"sell"
1466411991,20042636,0.014364,0.1,"buy"
1466411991,20042642,0.014391,0.1,"buy"
1466411993,20042648,0.014374,0.4,"sell"
1466411993,20042650,0.01436,0.6,"sell"
1466411994,20042652,0.014391,1.9,"buy"
1466411994,20042654,0.014397,36.872026,"buy"
1466411994,20042656,0.0144,35.358983,"buy"
1466411996,20042658,0.0144,2.1964,"sell"
1466411998,20042660,0.014377,2,"sell"
1466411998,20042662,0.014377,2.4,"sell"
1466411999,20042664,0.01436,1,"sell"
1466412013,20042672,0.014399,43.2,"buy"
1466412013,20042674,0.014391,4.1,"buy"
1466412013,20042676,0.014391,2.3,"buy"
1466412013,20042678,0.014364,0.4,"buy"
