"timestamp","tid","price","amount","type"
1466332899,19932232,0.01684,0.65893733,"buy"
1466332902,19932234,0.016789,161.707,"buy"
1466332904,19932236,0.016789,1.375963,"buy"
1466332904,19932238,0.016789,35.416714,"buy"
1466332904,19932240,0.016839,9.38167697,"buy"
1466332905,19932246,0.016839,1.375963,"buy"
1466332919,19932248,0.01688,0.000331,"buy"
1466332919,19932250,0.016917,69.099669,"buy"
1466332919,19932252,0.0169,5,"buy"
1466332919,19932254,0.01686,0.2,"buy"
1466332919,19932256,0.01686,0.2,"buy"
1466332919,19932258,0.01685,0.5,"buy"
1466332919,19932260,0.0169,25,"buy"
1466332924,19932262,0.0168,0.2,"sell"
1466332924,19932264,0.01684,0.1,"sell"
1466332926,19932268,0.016793,0.1,"buy"
1466332927,19932272,0.016793,299.6,"buy"
1466332946,19932274,0.016914,0.1,"buy"
1466332946,19932276,0.016914,0.1,"buy"
1466332946,19932278,0.01683,0.1,"buy"
1466332946,19932280,0.016913,13.754941,"buy"
1466332946,19932282,0.01683,0.1,"buy"
1466332946,19932284,0.016918,120.39409122,"buy"
1466332946,19932286,0.016914,13.41798378,"buy"
1466332946,19932288,0.01686,0.2,"buy"
1466332946,19932290,0.01683,0.1,"buy"
1466332948,19932296,0.016912,13.617984,"buy"
1466332956,19932306,0.01687,0.1,"sell"
1466332960,19932308,0.0169,0.1,"sell"
1466332960,19932310,0.01687,0.2,"sell"
1466332976,19932316,0.01689,0.1,"buy"
1466332976,19932318,0.0169,16.466993,"buy"
1466332976,19932320,0.01687,0.1,"buy"
1466332976,19932322,0.01689,0.2,"buy"
1466332978,19932324,0.0169,59.0769,"buy"
1466332983,19932328,0.0169,10.648,"buy"
1466332985,19932330,0.0169,13.808107,"buy"
1466332996,19932332,0.016929,0.3,"buy"
1466332996,19932334,0.01695,0.39999958,"buy"
1466332996,19932336,0.01693,0.2,"buy"
1466332996,19932338,0.01696,0.4,"buy"
1466332996,19932340,0.016955,12.271577,"buy"
1466332996,19932342,0.01695,14.45494142,"buy"
1466332996,19932344,0.01696,14.45494142,"buy"
1466333009,19932358,0.016989,1.66182637,"buy"
1466333012,19932364,0.01696,0.1,"sell"
1466333021,19932378,0.01694,0.2,"sell"
1466333027,19932384,0.01692,0.2,"sell"
1466333028,19932386,0.01694,0.1,"buy"
1466333028,19932388,0.016938,0.2,"buy"
1466333028,19932390,0.01696,0.2,"buy"
1466333028,19932392,0.016939,0.1,"buy"
1466333028,19932394,0.016989,4.005065,"buy"
1466333028,19932396,0.01696,0.1,"buy"
1466333032,19932404,0.01694,0.1,"buy"
1466333033,19932406,0.01694,0.1,"buy"
1466333034,19932408,0.01699,1.44505858,"buy"
1466333034,19932410,0.01694,0.3,"buy"
1466333034,19932412,0.016987,13.75494142,"buy"
1466333034,19932414,0.01694,0.2,"buy"
1466333038,19932424,0.01699,0.10000042,"buy"
1466333038,19932426,0.01696,0.1,"buy"
1466333038,19932428,0.017,4.52505858,"buy"
1466333038,19932430,0.01699,8.454941,"buy"
1466333038,19932432,0.01701,0.78657248,"buy"
1466333038,19932434,0.01697,0.1,"buy"
1466333038,19932436,0.01701,0.72329193,"buy"
1466333038,19932438,0.017,0.47494142,"buy"
1466333038,19932440,0.01701,0.37719067,"buy"
1466333038,19932442,0.01701,0.52864915,"buy"
1466333039,19932444,0.01701,0.10000041,"buy"
1466333039,19932446,0.01702,0.3838537,"buy"
1466333038,19932448,0.01701,0.85881835,"buy"
1466333039,19932450,0.01702,0.72801589,"buy"
1466333039,19932452,0.01702,0.76759803,"buy"
1466333039,19932454,0.01702,0.56427466,"buy"
1466333039,19932456,0.01702,1.071023,"buy"
1466333039,19932458,0.01702,0.69850522,"buy"
1466333039,19932460,0.01702,0.38467901,"buy"
1466333039,19932462,0.01705,11.796199,"buy"
1466333039,19932466,0.01702,0.296864,"buy"
1466333039,19932468,0.01702,0.70645046,"buy"
1466333039,19932470,0.01702,0.11325775,"buy"
1466333039,19932472,0.01702,0.44961857,"buy"
1466333047,19932478,0.017098,76.13072097,"buy"
1466333047,19932480,0.01707,0.19060403,"buy"
1466333047,19932482,0.01705,10.565675,"buy"
1466333057,19932488,0.01707,0.65788406,"buy"
1466333057,19932490,0.017098,22.45250668,"buy"
1466333057,19932492,0.01707,0.16030526,"buy"
1466333063,19932496,0.01707,0.62205237,"buy"
1466333063,19932498,0.017098,8.01890391,"buy"
1466333063,19932500,0.017098,28.601859,"buy"
1466333063,19932502,0.01707,0.3838818,"buy"
1466333064,19932504,0.017098,25.226443,"buy"
1466333065,19932506,0.017098,1.005934,"buy"
1466333065,19932508,0.017098,17.66012095,"buy"
1466333067,19932510,0.017098,79.17699345,"buy"
1466333067,19932512,0.01707,0.68100655,"buy"
1466333067,19932514,0.017098,88.213764,"buy"
1466333068,19932516,0.017098,17.66012095,"buy"
1466333069,19932518,0.017098,2.85066,"buy"
1466333071,19932520,0.0171,5,"buy"
1466333071,19932522,0.017098,48.210173,"buy"
1466333071,19932524,0.01708,0.1,"sell"
1466333078,19932526,0.01707,0.9023059,"buy"
1466333078,19932528,0.017187,87.72854992,"buy"
1466333078,19932530,0.01707,0.52171018,"buy"
1466333078,19932532,0.01715,0.4,"buy"
1466333078,19932534,0.01714,10.147434,"buy"
1466333078,19932536,0.0171,0.1,"buy"
1466333078,19932538,0.01715,0.2,"buy"
1466333079,19932542,0.0171,0.41900545,"sell"
1466333082,19932544,0.01708,0.2,"sell"
1466333082,19932546,0.01708,0.00666053,"sell"
1466333084,19932548,0.01708,0.09333947,"sell"
1466333104,19932550,0.01706,0.2,"sell"
1466333104,19932552,0.01707,0.2,"sell"
1466333104,19932554,0.01704,0.1,"sell"
1466333104,19932556,0.01702,0.2,"sell"
1466333104,19932558,0.017,49.3,"sell"
1466333105,19932560,0.01709,0.93673511,"buy"
1466333105,19932562,0.01708,0.1,"buy"
1466333105,19932564,0.01708,0.14600289,"buy"
1466333114,19932566,0.01707,0.5,"buy"
1466333114,19932568,0.01705,0.2,"buy"
1466333114,19932570,0.01708,0.138805,"buy"
1466333114,19932572,0.01708,0.3,"buy"
1466333114,19932574,0.01709,0.2,"buy"
1466333114,19932576,0.01705,0.1,"buy"
1466333114,19932578,0.01708,0.5,"buy"
1466333114,19932580,0.0171,0.66119539,"buy"
1466333114,19932582,0.01711,0.1063256,"buy"
1466333114,19932584,0.01709,0.3,"buy"
1466333114,19932586,0.01708,0.061195,"buy"
1466333114,19932588,0.01711,0.98671901,"buy"
1466333114,19932590,0.0171,0.2,"buy"
1466333165,19932616,0.01707,0.2,"sell"
1466333165,19932618,0.01709,0.1,"sell"
1466333230,19932646,0.017088,0.4,"buy"
1466333230,19932648,0.017088,2.71311311,"buy"
1466333252,19932652,0.01707,0.3,"sell"
1466333280,19932654,0.01706,0.4,"sell"
1466333280,19932656,0.01705,0.5,"sell"
1466333280,19932658,0.01706,0.2,"sell"
1466333280,19932660,0.01705,0.3,"sell"
1466333280,19932662,0.01706,0.2,"sell"
1466333280,19932664,0.017051,0.4,"sell"
1466333284,19932666,0.017049,3.86220255,"buy"
1466333299,19932672,0.01702,0.3,"sell"
1466333299,19932676,0.017,4.216111,"sell"
1466333299,19932680,0.01704,0.5,"sell"
1466333300,19932684,0.017,1.09965606,"sell"
1466333300,19932686,0.017,3.11577385,"sell"
1466333301,19932690,0.017,5.016111,"sell"
1466333301,19932694,0.017,0.2,"sell"
1466333301,19932696,0.017,1.76922786,"sell"
1466333301,19932698,0.017,2.24688314,"sell"
1466333302,19932706,0.017,1.14688314,"sell"
1466333302,19932710,0.01699,1,"sell"
1466333302,19932712,0.01699,0.1,"sell"
1466333308,19932716,0.01694,0.4,"sell"
1466333308,19932718,0.016921,1.56922786,"sell"
1466333312,19932720,0.01692,0.5,"sell"
1466333312,19932722,0.01692,12.215599,"sell"
1466333319,19932724,0.0169,0.2,"sell"
1466333319,19932726,0.0169,290.52468434,"sell"
1466333323,19932728,0.0169,9.47531566,"sell"
1466333323,19932730,0.016899,149.830619,"sell"
1466333325,19932732,0.016899,17.773616,"sell"
1466333328,19932734,0.016899,32.395765,"sell"
1466333329,19932736,0.016875,500,"sell"
1466333329,19932738,0.016875,400,"sell"
1466333329,19932740,0.01688,0.75060838,"sell"
1466333332,19932744,0.01687,0.66091454,"sell"
1466333332,19932746,0.01686,0.90959137,"sell"
1466333332,19932748,0.01684,0.52765339,"sell"
1466333332,19932750,0.01687,0.2,"sell"
1466333332,19932752,0.01685,0.2,"sell"
1466333332,19932754,0.01686,0.6218841,"sell"
1466333332,19932756,0.01683,0.2,"sell"
1466333332,19932758,0.01683,0.70298349,"sell"
1466333332,19932760,0.016807,94.65129477,"sell"
1466333332,19932762,0.01684,0.32456871,"sell"
1466333332,19932764,0.01683,0.1,"sell"
1466333332,19932766,0.01683,0.90110963,"sell"
1466333336,19932768,0.016872,16.253349,"buy"
1466333336,19932770,0.016808,79.1,"sell"
1466333336,19932772,0.016807,405.34870523,"sell"
1466333336,19932774,0.0168,0.71868705,"sell"
1466333336,19932776,0.0168,50,"sell"
1466333403,19932788,0.016809,26.93,"buy"
1466333407,19932790,0.016809,5.76,"buy"
1466333411,19932792,0.016809,1.28,"buy"
1466333416,19932796,0.016809,0.36843,"buy"
1466333455,19932808,0.01681,0.1,"buy"
1466333455,19932810,0.01684,0.2,"buy"
1466333455,19932812,0.01684,0.88830875,"buy"
1466333455,19932814,0.01684,0.84220749,"buy"
1466333455,19932816,0.01684,0.74325776,"buy"
1466333508,19932848,0.01684,0.12637177,"buy"
1466333508,19932850,0.01683,0.1773224,"buy"
1466333508,19932852,0.01684,0.78290462,"buy"
1466333508,19932854,0.01684,0.35348573,"buy"
1466333508,19932856,0.01684,0.90673041,"buy"
1466333508,19932858,0.01684,0.27471622,"buy"
1466333508,19932860,0.01684,0.44284924,"buy"
1466333508,19932862,0.01683,0.29629758,"buy"
1466333508,19932864,0.01684,0.50210022,"buy"
1466333508,19932866,0.01684,0.72145646,"buy"
1466333508,19932868,0.01684,0.21200387,"buy"
1466333508,19932870,0.01684,0.44566354,"buy"
1466333508,19932872,0.01684,0.48416155,"buy"
1466333508,19932874,0.01684,0.87276071,"buy"
1466333508,19932876,0.01684,0.69021576,"buy"
1466333508,19932878,0.01684,0.78231388,"buy"
1466333508,19932880,0.01684,0.74218595,"buy"
1466333508,19932882,0.01684,0.33888256,"buy"
1466333508,19932884,0.01685,0.91230738,"buy"
1466333508,19932886,0.01684,0.16222371,"buy"
1466333508,19932888,0.01685,0.76371222,"buy"
1466333508,19932890,0.01689,0.5,"buy"
1466333508,19932892,0.0169,16,"buy"
1466333508,19932894,0.0169,16,"buy"
1466333508,19932896,0.01686,0.1,"buy"
1466333508,19932898,0.01688,0.5,"buy"
1466333508,19932900,0.01693,0.1,"buy"
1466333508,19932902,0.01691,0.1,"buy"
1466333508,19932904,0.01693,0.2,"buy"
1466333508,19932906,0.01694,0.3,"buy"
1466333508,19932908,0.01694,0.1,"buy"
1466333508,19932910,0.01694,0.2,"buy"
1466333508,19932912,0.01693,0.2,"buy"
1466333508,19932914,0.01694,0.5,"buy"
1466333508,19932916,0.01697,0.1,"buy"
1466333508,19932918,0.01696,0.2,"buy"
1466333508,19932920,0.016991,3.20933422,"buy"
1466333508,19932922,0.01696,0.3,"buy"
1466333508,19932926,0.01699,0.4,"buy"
1466333523,19932928,0.01683,0.66205064,"buy"
1466333523,19932930,0.01698,157.442,"buy"
1466333523,19932932,0.016982,48.14100794,"buy"
1466333523,19932934,0.016979,13.75494142,"buy"
1466333552,19932950,0.01694,0.1,"sell"
1466333555,19932958,0.01691,0.1,"sell"
1466333574,19932964,0.01689,0.2,"sell"
1466333574,19932966,0.01687,0.1,"sell"
1466333574,19932968,0.01686,0.1,"sell"
1466333574,19932970,0.01684,0.1,"sell"
1466333597,19932974,0.01691,0.2,"buy"
1466333597,19932976,0.01689,0.1,"buy"
1466333597,19932978,0.016909,0.1,"buy"
1466333597,19932980,0.016972,1.8,"buy"
1466333597,19932982,0.01687,0.1,"buy"
1466333597,19932984,0.01687,0.4,"buy"
1466333597,19932986,0.01689,0.1,"buy"
1466333597,19932988,0.01684,0.1,"buy"
1466333597,19932990,0.01689,0.1,"buy"
1466333611,19933018,0.01694,0.1,"sell"
1466333616,19933020,0.01692,0.2,"sell"
1466333630,19933022,0.0169,0.2,"sell"
1466333630,19933028,0.01688,0.5,"sell"
1466333674,19933034,0.01686,0.1,"sell"
1466333680,19933036,0.01683,0.1,"sell"
1466333680,19933038,0.01684,0.4,"sell"
1466333680,19933040,0.01684,0.4,"sell"
1466333686,19933042,0.01682,0.5,"sell"
1466333686,19933044,0.01682,0.2,"sell"
1466333686,19933046,0.01682,0.1,"sell"
1466333686,19933048,0.01682,0.5,"sell"
1466333686,19933050,0.01682,0.5,"sell"
1466333686,19933052,0.01682,0.1,"sell"
1466333686,19933054,0.01682,0.2,"sell"
1466333686,19933056,0.01682,0.2,"sell"
1466333686,19933058,0.01682,0.5,"sell"
1466333686,19933060,0.01682,0.1,"sell"
1466333686,19933062,0.01682,0.1,"sell"
1466333686,19933064,0.01682,0.5,"sell"
1466333763,19933086,0.0168,0.2,"sell"
1466333763,19933088,0.01678,0.2,"sell"
1466333883,19933112,0.01673,0.5,"sell"
1466333931,19933124,0.01671,0.1,"buy"
1466333946,19933132,0.01677,0.1,"buy"
1466333946,19933134,0.01674,0.2,"buy"
1466333946,19933136,0.01676,0.4,"buy"
1466333946,19933138,0.01679,0.4,"buy"
1466333951,19933140,0.01681,0.1,"buy"
1466333952,19933142,0.016809,8.92002,"sell"
1466333987,19933164,0.01681,0.1,"buy"
1466333987,19933166,0.016831,2,"buy"
1466333987,19933168,0.01682,0.1,"buy"
1466333987,19933170,0.0168,0.1,"buy"
1466333988,19933172,0.016836,57.117499,"sell"
1466334033,19933192,0.01679,0.5,"sell"
1466334033,19933194,0.01676,0.5,"sell"
1466334033,19933196,0.0168,0.4,"sell"
1466334033,19933198,0.01678,0.2,"sell"
1466334033,19933200,0.01677,0.1,"sell"
1466334033,19933202,0.01682,0.1,"sell"
1466334033,19933204,0.01678,0.2,"sell"
1466334033,19933206,0.01678,0.2,"sell"
1466334033,19933208,0.01676,0.4,"sell"
1466334054,19933244,0.01679,0.5,"buy"
1466334054,19933246,0.01679,0.1,"buy"
1466334054,19933248,0.01681,0.1,"buy"
1466334054,19933250,0.01676,0.1,"buy"
1466334054,19933252,0.01681,0.5,"buy"
1466334054,19933254,0.01681,0.5,"buy"
1466334054,19933256,0.01683,0.5,"buy"
1466334054,19933258,0.01682,0.2,"buy"
1466334054,19933260,0.01681,0.2,"buy"
1466334054,19933262,0.01682,0.4,"buy"
1466334054,19933264,0.01683,0.3,"buy"
1466334054,19933266,0.01682,0.5,"buy"
1466334054,19933268,0.01684,1.1,"buy"
1466334071,19933340,0.01678,0.1,"sell"
1466334071,19933342,0.01678,0.3,"sell"
1466334071,19933344,0.01682,0.1,"sell"
1466334071,19933346,0.01679,0.5,"sell"
1466334071,19933348,0.01678,0.5,"sell"
1466334071,19933350,0.0168,0.3,"sell"
1466334071,19933352,0.0168,0.2,"sell"
1466334071,19933354,0.01679,0.5,"sell"
1466334072,19933356,0.01678,0.49999963,"buy"
1466334080,19933382,0.01677,0.5,"sell"
1466334080,19933384,0.01677,0.19999969,"sell"
1466334089,19933398,0.01674,0.4,"sell"
1466334089,19933400,0.016694,11.953331,"sell"
1466334089,19933402,0.01672,0.2,"sell"
1466334093,19933406,0.016694,15.520052,"sell"
1466334095,19933418,0.016695,2,"sell"
1466334095,19933422,0.016694,6.674,"sell"
1466334128,19933546,0.01671,0.1,"buy"
1466334128,19933548,0.01674,0.4938,"buy"
1466334130,19933552,0.016777,14.84657963,"buy"
1466334130,19933554,0.01677,0.1,"buy"
1466334130,19933556,0.016788,44.16391358,"buy"
1466334130,19933558,0.01676,0.1,"buy"
1466334130,19933560,0.01674,0.0062,"buy"
1466334130,19933562,0.016694,21.991419,"sell"
1466334134,19933572,0.01672,0.1,"sell"
1466334134,19933574,0.01672,0.5,"sell"
1466334134,19933576,0.016694,846.54337638,"sell"
1466334134,19933578,0.01672,0.1,"sell"
1466334136,19933616,0.01669,0.1,"buy"
1466334137,19933622,0.01669,0.4,"buy"
1466334157,19933666,0.01668,0.2,"sell"
1466334157,19933668,0.01664,0.5,"sell"
1466334157,19933670,0.01666,0.2,"sell"
1466334157,19933672,0.01662,0.2,"sell"
1466334157,19933674,0.0166,0.25178203,"sell"
1466334157,19933676,0.01662,3.429744,"sell"
1466334157,19933678,0.016621,12.50503456,"sell"
1466334157,19933680,0.0166,0.2,"sell"
1466334157,19933682,0.0166,25,"sell"
1466334157,19933684,0.01662,0.5,"sell"
1466334161,19933690,0.0166,5,"buy"
1466334168,19933694,0.0166,5,"buy"
1466334176,19933722,0.0166,5,"buy"
1466334179,19933756,0.0166,50,"buy"
1466334185,19933808,0.01659,0.1,"sell"
1466334190,19933818,0.0166,0.1,"buy"
1466334193,19933832,0.016581,5.61726272,"sell"
1466334195,19933836,0.016581,14.71917751,"sell"
1466334200,19933860,0.016581,148.65621231,"sell"
1466334201,19933872,0.01658,3.316643,"sell"
1466334201,19933874,0.01658,15.9,"sell"
1466334202,19933878,0.01658,0.00034746,"buy"
1466334202,19933880,0.01658,12.683357,"sell"
1466334205,19933888,0.016523,99.17511554,"sell"
1466334205,19933890,0.016538,0.82488446,"sell"
1466334207,19933892,0.016523,150,"sell"
1466334208,19933894,0.01658,9.6716792,"buy"
1466334216,19934076,0.016523,2.289,"sell"
1466334216,19934078,0.016522,7.4432,"sell"
1466334216,19934080,0.01652,1,"sell"
1466334216,19934082,0.016505,2.988012,"sell"
1466334216,19934084,0.0165,7.7513,"sell"
1466334216,19934086,0.0165,0.30173274,"sell"
1466334216,19934088,0.0165,5.0082,"sell"
1466334216,19934090,0.016505,8.008,"sell"
1466334216,19934092,0.0165,156.75063,"buy"
1466334216,19934094,0.0165,0.15465454,"sell"
1466334234,19934146,0.016499,4.8621,"buy"
1466334234,19934148,0.01648,0.1,"buy"
1466334242,19934174,0.016441,10.87283257,"sell"
1466334242,19934176,0.01646,0.1,"sell"
1466334242,19934178,0.016441,4.78358267,"sell"
1466334242,19934182,0.016441,2.57400687,"sell"
1466334258,19934216,0.016441,1.18754003,"sell"
1466334260,19934232,0.01644,3.076254,"sell"
1466334265,19934242,0.01643,1.1,"sell"
1466334265,19934244,0.016426,0.8560699,"sell"
1466334265,19934248,0.016425,9.9243,"sell"
1466334265,19934250,0.01642,0.57187151,"sell"
1466334265,19934252,0.01642,0.98984211,"sell"
1466334273,19934286,0.0164,4.663951,"buy"
1466334275,19934288,0.0164,1.03955,"buy"
1466334275,19934292,0.0164,5.161,"buy"
1466334286,19934312,0.01639,0.2,"sell"
1466334286,19934314,0.016388,12.4054,"sell"
1466334286,19934316,0.01639,13.121733,"sell"
1466334286,19934318,0.016355,3.8979882,"sell"
1466334286,19934320,0.01635,0.69311916,"sell"
1466334286,19934322,0.01635,0.99265587,"sell"
1466334286,19934324,0.01634,0.61592543,"sell"
1466334286,19934326,0.016295,12.45473102,"sell"
1466334286,19934328,0.016365,2.23,"sell"
1466334286,19934330,0.01639,0.4,"sell"
1466334286,19934332,0.016315,18.18181818,"sell"
1466334286,19934334,0.01626,3.265957,"sell"
1466334286,19934336,0.01628,0.69694727,"sell"
1466334286,19934338,0.01622,0.2,"sell"
1466334286,19934340,0.01625,280,"sell"
1466334286,19934342,0.016228,22.320051,"sell"
1466334286,19934344,0.01623,2.100897,"sell"
1466334286,19934346,0.016213,2,"sell"
1466334286,19934348,0.016212,947.39985196,"sell"
1466334286,19934350,0.01624,4.035932,"sell"
1466334294,19934356,0.016319,2,"buy"
1466334295,19934358,0.01631,0.1,"buy"
1466334300,19934366,0.01636,0.1,"buy"
1466334300,19934368,0.01634,0.1,"buy"
1466334300,19934370,0.0164,148.284295,"buy"
1466334300,19934372,0.01637,0.5,"buy"
1466334300,19934374,0.01639,0.4,"buy"
1466334301,19934376,0.01633,0.1,"sell"
1466334301,19934378,0.01629,0.46289229,"sell"
1466334301,19934380,0.016321,21.49,"sell"
1466334301,19934382,0.016224,537.2566394,"sell"
1466334301,19934384,0.016221,4.3,"sell"
1466334301,19934386,0.01632,2.1,"sell"
1466334301,19934388,0.01628,0.91249245,"sell"
1466334301,19934390,0.01631,0.16416888,"sell"
1466334301,19934392,0.016212,433.02865314,"sell"
1466334301,19934394,0.01628,0.18515384,"sell"
1466334312,19934402,0.016439,0.48839734,"buy"
1466334312,19934404,0.01641,0.2,"buy"
1466334312,19934406,0.01643,0.2,"buy"
1466334316,19934408,0.01638,0.1,"buy"
1466334324,19934418,0.01638,0.2,"sell"
1466334324,19934420,0.01638,0.1,"sell"
1466334324,19934422,0.01638,0.1,"sell"
1466334324,19934424,0.01637,0.3,"sell"
1466334324,19934426,0.01637,0.2,"sell"
1466334324,19934428,0.01636,0.4,"sell"
1466334324,19934430,0.01636,0.3,"sell"
1466334324,19934432,0.01635,0.5,"sell"
1466334324,19934434,0.01633,0.34223249,"sell"
1466334324,19934436,0.01634,0.1,"sell"
1466334324,19934438,0.01635,0.1,"sell"
1466334324,19934440,0.01632,0.14220842,"sell"
1466334324,19934442,0.01631,0.73411756,"sell"
1466334324,19934444,0.01635,0.5,"sell"
1466334324,19934446,0.01631,0.45176669,"sell"
1466334324,19934448,0.01633,0.41942796,"sell"
1466334324,19934450,0.01633,0.85953837,"sell"
1466334324,19934452,0.01622,12.33045623,"sell"
1466334324,19934454,0.016219,119.3347,"sell"
1466334324,19934456,0.016214,121.61745028,"sell"
1466334328,19934458,0.01638,0.5,"sell"
1466334328,19934460,0.01631,0.70098239,"sell"
1466334328,19934462,0.01636,0.1,"sell"
1466334328,19934464,0.0163,91.51,"buy"
1466334328,19934466,0.0163,105.678,"buy"
1466334329,19934472,0.0163,0.21874782,"buy"
1466334331,19934474,0.0163,0.8881566,"buy"
1466334332,19934476,0.0163,8.442267,"buy"
1466334334,19934478,0.0163,0.89030224,"buy"
1466334337,19934480,0.0163,0.39880098,"buy"
1466334338,19934482,0.01627,0.1,"buy"
1466334338,19934484,0.0163,11.841161,"buy"
1466334339,19934488,0.0163,52.19456,"buy"
1466334339,19934492,0.0163,1.091,"buy"
1466334339,19934494,0.0163,0.26580199,"buy"
1466334340,19934496,0.0163,2.557,"buy"
1466334340,19934498,0.0163,1.08788,"buy"
1466334341,19934500,0.0163,18.348764,"buy"
1466334343,19934502,0.0163,0.13551747,"buy"
1466334345,19934504,0.0163,1.088,"buy"
1466334345,19934506,0.0163,8.888,"buy"
1466334346,19934508,0.0163,1.064889,"buy"
1466334348,19934510,0.0163,1.064889,"buy"
1466334350,19934516,0.0163,28.315946,"buy"
1466334355,19934518,0.0163,0.7066006,"buy"
1466334355,19934520,0.0163,2.798,"buy"
1466334356,19934522,0.0163,39.724111,"buy"
1466334357,19934524,0.0163,134.356706,"buy"
1466334358,19934526,0.0163,105.936,"buy"
1466334361,19934528,0.0163,12.801,"buy"
1466334362,19934532,0.0163,8.30494891,"buy"
1466334364,19934550,0.0163,1.7,"buy"
1466334364,19934552,0.016296,5,"sell"
1466334365,19934556,0.0163,4.95543914,"buy"
1466334365,19934560,0.0163,6.0616506,"buy"
1466334365,19934568,0.0163,6.09996142,"buy"
1466334365,19934570,0.0163,0.79065005,"buy"
1466334365,19934572,0.0163,1.90280333,"buy"
1466334365,19934576,0.0163,5.57285275,"buy"
1466334365,19934578,0.0163,8.30494891,"buy"
1466334365,19934584,0.0163,0.72689383,"buy"
1466334365,19934586,0.0163,0.10631809,"buy"
1466334365,19934594,0.0163,200,"buy"
1466334366,19934596,0.0163,0.10239901,"buy"
1466334366,19934604,0.0163,169.94168014,"buy"
1466334366,19934608,0.0163,4.2,"sell"
1466334368,19934634,0.01631,0.5,"buy"
1466334369,19934646,0.016311,5,"sell"
1466334370,19934650,0.01634,0.4,"buy"
1466334370,19934652,0.016388,51.36593856,"buy"
1466334370,19934656,0.01635,0.4,"buy"
1466334370,19934658,0.01632,0.4,"buy"
1466334370,19934660,0.01637,0.1,"buy"
1466334370,19934662,0.016388,8.0203506,"buy"
1466334371,19934664,0.016389,7.5,"buy"
1466334378,19934668,0.016387,2.98355755,"buy"
1466334378,19934670,0.016409,2.98355755,"sell"
1466334378,19934672,0.0164,0.5,"buy"
1466334378,19934674,0.01639,0.2,"buy"
1466334378,19934676,0.01639,0.2,"buy"
1466334378,19934678,0.0164,0.1,"buy"
1466334379,19934680,0.016399,0.85105025,"buy"
1466334379,19934682,0.016409,21.24145175,"buy"
1466334379,19934684,0.016399,1.25105,"buy"
1466334386,19934710,0.01638,0.1,"sell"
1466334386,19934712,0.016351,0.7,"sell"
1466334395,19934720,0.016351,7.77,"sell"
1466334395,19934722,0.01635,0.3,"sell"
1466334395,19934724,0.016331,100.73,"sell"
1466334395,19934726,0.01636,0.5,"sell"
1466334395,19934728,0.01634,0.2,"sell"
1466334395,19934730,0.01635,0.2,"sell"
1466334395,19934732,0.01635,0.3,"sell"
1466334423,19934746,0.01633,99.9993194,"sell"
1466334423,19934748,0.01633,0.0006806,"sell"
1466334423,19934750,0.016331,0.00032493,"sell"
1466334423,19934752,0.016331,44.64967507,"sell"
1466334423,19934754,0.016321,54.3889874,"sell"
1466334424,19934758,0.01632,0.29864487,"sell"
1466334424,19934762,0.016321,0.0010126,"sell"
1466334424,19934770,0.01632,0.4,"sell"
1466334424,19934772,0.01632,0.4,"sell"
1466334424,19934774,0.01632,0.1,"sell"
1466334424,19934776,0.016331,1.20189462,"buy"
1466334424,19934778,0.016332,9.23114146,"sell"
1466334424,19934780,0.016332,0.79200056,"sell"
1466334424,19934784,0.016331,9.21452541,"buy"
1466334425,19934794,0.016333,2.47224048,"sell"
1466334427,19934806,0.01632,0.00135513,"sell"
1466334427,19934810,0.016321,0.00135551,"buy"
1466334427,19934812,0.01632,1.20053949,"buy"
1466334427,19934814,0.0163,0.4,"sell"
1466334427,19934816,0.01631,0.5,"sell"
1466334427,19934818,0.016296,0.39342873,"sell"
1466334428,19934822,0.016296,0.79342873,"sell"
1466334429,19934826,0.016333,30.064306,"buy"
1466334429,19934828,0.016333,8.01263,"buy"
1466334430,19934842,0.016297,0.70189462,"sell"
1466334431,19934852,0.016297,0.79342873,"sell"
1466334431,19934856,0.016297,2.11777835,"sell"
1466334431,19934858,0.016297,9.21452541,"sell"
1466334432,19934870,0.016296,2.11809145,"sell"
1466334433,19934872,0.016296,0.39308088,"buy"
1466334433,19934878,0.016339,1.2,"buy"
1466334433,19934880,0.016332,2.11125059,"buy"
1466334433,19934882,0.016339,1,"buy"
1466334433,19934884,0.016339,2.704407,"buy"
1466334433,19934886,0.01632,0.1,"buy"
1466334433,19934888,0.016297,0.39308088,"sell"
1466334433,19934890,0.01634,0.5,"buy"
1466334433,19934892,0.016339,4.55687544,"buy"
1466334433,19934894,0.016339,1.23408031,"buy"
1466334433,19934896,0.01634,0.3,"buy"
1466334433,19934898,0.01634,0.2,"buy"
1466334433,19934900,0.01635,0.2,"buy"
1466334433,19934902,0.01635,0.1,"buy"
1466334433,19934904,0.01636,0.5,"buy"
1466334433,19934906,0.01636,0.2,"buy"
1466334433,19934908,0.01638,0.5,"buy"
1466334433,19934910,0.01635,0.2,"buy"
1466334433,19934912,0.01639,0.2,"buy"
1466334433,19934914,0.01639,0.3,"buy"
1466334433,19934916,0.0164,0.2,"buy"
1466334433,19934918,0.0164,13.82407925,"buy"
1466334433,19934920,0.0164,0.1,"buy"
1466334433,19934922,0.0164,8.49095575,"buy"
1466334433,19934924,0.01641,0.2,"buy"
1466334433,19934926,0.01641,0.2,"buy"
1466334433,19934930,0.016432,159.10904425,"buy"
1466334439,19934948,0.01635,0.4,"sell"
1466334439,19934950,0.01635,0.1,"sell"
1466334439,19934952,0.01635,0.19963393,"sell"
1466334439,19934958,0.01635,0.00036607,"sell"
1466334439,19934964,0.01634,0.5,"sell"
1466334439,19934968,0.01634,0.5,"sell"
1466334440,19934970,0.01634,0.99968598,"buy"
1466334440,19934978,0.016341,1.00036607,"sell"
1466334441,19934992,0.01632,0.2,"sell"
1466334441,19934994,0.0163,0.1,"sell"
1466334441,19934996,0.016291,0.3,"buy"
1466334441,19934998,0.01632,0.2,"sell"
1466334445,19935014,0.016331,2.15153468,"sell"
1466334445,19935018,0.016331,17.99946159,"sell"
1466334445,19935020,0.016331,1.23408031,"sell"
1466334445,19935024,0.016331,1.00036607,"sell"
1466334445,19935026,0.016331,1.23408031,"sell"
1466334445,19935028,0.016331,1.00036607,"sell"
1466334445,19935032,0.016331,2.15153468,"sell"
1466334445,19935036,0.016331,1.00036607,"sell"
1466334446,19935038,0.016331,1.00036607,"sell"
1466334448,19935042,0.01633,17.99946159,"sell"
1466334450,19935044,0.01634,2.15679584,"buy"
1466334450,19935046,0.01634,4.55687544,"buy"
1466334450,19935048,0.01634,0.2,"buy"
1466334450,19935050,0.01634,0.1,"buy"
1466334450,19935052,0.016341,6.114185,"buy"
1466334454,19935058,0.016331,58.53,"sell"
1466334454,19935060,0.01633,6.47,"sell"
1466334458,19935064,0.016348,2.692,"buy"
1466334458,19935066,0.01634,0.1,"buy"
1466334462,19935074,0.016359,2.51574962,"buy"
1466334462,19935076,0.01635,0.5,"buy"
1466334462,19935078,0.01635,0.2,"buy"
1466334462,19935080,0.016349,1.91749138,"buy"
1466334462,19935082,0.016359,1.44603647,"buy"
1466334462,19935084,0.016349,2.55652,"sell"
1466334462,19935086,0.01636,0.15396353,"buy"
1466334464,19935092,0.016358,1.08353762,"buy"
1466334464,19935094,0.01636,0.09480538,"buy"
1466334464,19935100,0.01636,0.4,"buy"
1466334464,19935102,0.01639,0.4,"buy"
1466334464,19935104,0.01639,0.3,"buy"
1466334464,19935106,0.01636,0.25123109,"buy"
1466334464,19935108,0.01639,0.30655991,"sell"
1466334467,19935122,0.016358,2.70374857,"buy"
1466334482,19935140,0.016363,0.51304915,"sell"
1466334482,19935142,0.01638,0.1,"sell"
1466334484,19935150,0.016368,19.768197,"sell"
1466334490,19935156,0.016432,40.89095575,"buy"
1466334490,19935158,0.016425,22.320051,"buy"
1466334490,19935160,0.0164,0.4,"buy"
1466334490,19935162,0.01642,1.996019,"buy"
1466334490,19935164,0.016419,5.46411369,"buy"
1466334490,19935166,0.01639,0.1,"buy"
1466334490,19935168,0.016432,3.36028486,"sell"
1466334491,19935170,0.016432,5.00214731,"sell"
1466334491,19935172,0.016432,6.50978502,"sell"
1466334491,19935178,0.016432,42.40843858,"sell"
1466334504,19935194,0.0164,0.1,"sell"
1466334509,19935222,0.01639,0.1,"sell"
1466334510,19935224,0.01638,0.1,"sell"
1466334518,19935236,0.016397,0.1,"buy"
1466334518,19935238,0.0164,0.3,"buy"
1466334518,19935240,0.01641,0.4,"buy"
1466334518,19935242,0.0164,0.4,"buy"
1466334518,19935244,0.01645,0.1,"buy"
1466334518,19935246,0.01645,0.4,"buy"
1466334518,19935248,0.01647,0.2,"buy"
1466334518,19935250,0.016483,58.58628916,"buy"
1466334518,19935252,0.01641,0.1,"buy"
1466334521,19935266,0.01639,0.1,"sell"
1466334524,19935290,0.016483,177.7,"buy"
1466334525,19935292,0.016483,49.791932,"buy"
1466334525,19935294,0.016483,4.39081651,"buy"
1466334527,19935306,0.016483,9.53096233,"buy"
1466334527,19935308,0.016483,114.12185467,"buy"
1466334530,19935314,0.016483,75.53053841,"buy"
1466334533,19935316,0.016483,10.34760692,"buy"
1466334533,19935318,0.01644,0.1,"buy"
1466334536,19935320,0.0165,0.2,"buy"
1466334536,19935322,0.016522,61.824245,"buy"
1466334595,19935342,0.01653,0.5,"buy"
1466334595,19935344,0.016548,49.74194162,"buy"
1466334595,19935352,0.016548,3.66649444,"buy"
1466334618,19935378,0.016548,1.259108,"buy"
1466334618,19935382,0.01647,0.1,"sell"
1466334618,19935384,0.0165,0.1,"sell"
1466334618,19935386,0.01653,0.1,"sell"
1466334618,19935388,0.01649,0.2,"sell"
1466334618,19935390,0.01646,4.5,"sell"
1466334619,19935392,0.016548,60.369486,"buy"
1466334641,19935414,0.01648,0.1,"buy"
1466334641,19935416,0.01648,3,"buy"
1466334651,19935418,0.016451,4.9,"sell"
1466334651,19935420,0.01648,0.1,"sell"
1466334655,19935422,0.01647,0.1,"buy"
1466334655,19935424,0.01649,0.4,"buy"
1466334655,19935426,0.0165,2.14,"buy"
1466334657,19935428,0.01651,0.2,"buy"
1466334657,19935430,0.01651,0.1,"buy"
1466334657,19935432,0.016548,3.64,"buy"
1466334657,19935434,0.01651,0.2,"buy"
1466334657,19935436,0.0165,0.86,"buy"
1466334661,19935438,0.016548,5,"buy"
1466334662,19935442,0.01656,1.06,"buy"
1466334666,19935454,0.0165,0.2,"buy"
1466334666,19935456,0.0165,5,"buy"
1466334667,19935460,0.0165,0.1,"buy"
1466334672,19935468,0.0165,57.263007,"buy"
1466334674,19935470,0.0165,56.265507,"buy"
1466334675,19935472,0.01647,0.4,"sell"
1466334675,19935474,0.016451,4.1,"sell"
1466334675,19935476,0.01647,0.2,"sell"
1466334675,19935478,0.01649,0.1,"sell"
1466334676,19935480,0.0165,5,"buy"
1466334675,19935482,0.01649,0.2,"sell"
1466334678,19935484,0.016451,5,"sell"
1466334680,19935486,0.01649,0.2,"buy"
1466334680,19935488,0.0165,149.756,"buy"
1466334680,19935490,0.01649,0.2,"buy"
1466334682,19935492,0.016451,4.8,"sell"
1466334682,19935494,0.01647,0.2,"sell"
1466334683,19935498,0.016475,5,"sell"
1466334684,19935500,0.01648,0.1,"buy"
1466334684,19935502,0.0165,23.195,"buy"
1466334687,19935504,0.01649,3,"buy"
1466334689,19935506,0.0165,1.168,"buy"
1466334689,19935508,0.0165,7,"buy"
1466334696,19935512,0.0165,20,"buy"
1466334702,19935514,0.0165,17.945491,"buy"
1466334706,19935516,0.0165,17.945491,"buy"
1466334707,19935518,0.0165,3.6,"buy"
1466334707,19935520,0.0165,35.561504,"buy"
1466334707,19935522,0.01653,0.2,"buy"
1466334707,19935524,0.01651,0.4,"buy"
1466334707,19935526,0.01654,0.608496,"buy"
1466334707,19935528,0.01652,2.391504,"buy"
1466334707,19935530,0.01651,0.2,"buy"
1466334707,19935532,0.01652,0.608496,"buy"
1466334708,19935534,0.01654,2.391504,"buy"
1466334708,19935536,0.01656,1.208496,"buy"
1466334717,19935552,0.016504,1,"sell"
1466334717,19935554,0.01652,0.1,"sell"
1466334736,19935574,0.01653,2.33,"buy"
1466334754,19935576,0.01656,0.731504,"buy"
1466334754,19935578,0.01653,0.1,"buy"
1466334754,19935580,0.01656,3,"buy"
1466334754,19935582,0.01653,0.67,"buy"
1466334754,19935584,0.01656,1.328496,"buy"
1466334758,19935590,0.01656,1.6715,"buy"
1466334759,19935592,0.01657,3,"buy"
1466334761,19935594,0.01658,2.519265,"buy"
1466334761,19935596,0.01658,0.480735,"buy"
1466334763,19935598,0.01659,2.03853,"buy"
1466334765,19935600,0.01659,0.96147,"buy"
1466334768,19935602,0.0166,0.2,"buy"
1466334768,19935604,0.0166,0.4,"buy"
1466334768,19935606,0.0166,3,"buy"
1466334768,19935608,0.0166,3,"buy"
1466334768,19935610,0.016622,3.232857,"buy"
1466334769,19935612,0.016622,3.956617,"buy"
1466334778,19935618,0.016622,5.2528,"buy"
1466334781,19935620,0.0166,0.1,"sell"
1466334840,19935646,0.016598,3,"buy"
1466334852,19935648,0.0166,0.1,"buy"
1466334852,19935650,0.01664,3,"buy"
1466334862,19935654,0.01665,3,"buy"
1466334862,19935656,0.01665,3,"buy"
1466334862,19935658,0.01666,3,"buy"
1466334862,19935660,0.01665,3,"buy"
1466334876,19935662,0.01669,5.146486,"buy"
1466334878,19935664,0.01669,1.697463,"buy"
1466334878,19935666,0.01669,6,"buy"
1466334880,19935668,0.01669,2.751908,"buy"
1466334876,19935670,0.01669,3,"buy"
1466334900,19935674,0.016606,2.1,"sell"
1466334900,19935676,0.01668,0.1,"sell"
1466334900,19935678,0.01665,0.1,"sell"
1466334900,19935680,0.01663,0.2,"sell"
1466334900,19935682,0.01662,0.5,"sell"
1466334901,19935684,0.016606,4.27739483,"sell"
1466334913,19935686,0.01662,3,"buy"
1466334961,19935724,0.016625,0.36288817,"sell"
1466334961,19935726,0.016625,2.78214265,"sell"
1466334961,19935734,0.016625,0.53408887,"sell"
1466334961,19935736,0.016625,4.09468134,"sell"
1466334962,19935748,0.016625,2.79397416,"sell"
1466334963,19935750,0.016625,1,"sell"
1466334963,19935752,0.016625,3.95318669,"sell"
1466334963,19935758,0.016625,0.55617137,"sell"
1466334963,19935760,0.016625,0.53408887,"sell"
1466334963,19935766,0.016625,6.70009137,"sell"
1466334963,19935776,0.016625,4.2639805,"sell"
1466334964,19935782,0.016625,2.79397416,"sell"
1466334964,19935784,0.016625,21.32976032,"sell"
1466334964,19935786,0.016625,0.59732003,"sell"
1466334964,19935788,0.016625,0.55617137,"sell"
1466334964,19935792,0.016625,4.57945351,"sell"
1466334965,19935796,0.016625,3.95318669,"sell"
1466334966,19935798,0.016625,0.22709852,"sell"
1466334966,19935800,0.016625,1.74108859,"sell"
1466334990,19935820,0.016618,3.14123731,"sell"
1466334991,19935824,0.016618,0.35876269,"sell"
1466334991,19935828,0.016617,49.571232,"sell"
1466334994,19935832,0.016624,7.57740426,"buy"
1466334994,19935834,0.016624,0.12901716,"buy"
1466334994,19935836,0.016624,0.98913158,"buy"
1466334996,19935838,0.016624,5.056803,"buy"
1466334996,19935840,0.016624,3.497067,"buy"
1466334996,19935842,0.016617,13.75235606,"sell"
1466334997,19935844,0.016617,13.75235606,"sell"
1466334997,19935846,0.016625,0.702581,"buy"
1466334997,19935848,0.016625,16.644175,"buy"
1466334998,19935850,0.016629,6.68803121,"buy"
1466334998,19935852,0.016628,1.331111,"buy"
1466334998,19935854,0.016628,0.16286316,"buy"
1466334998,19935856,0.016627,1.59397416,"buy"
1466334998,19935858,0.016625,3.355384,"buy"
1466334998,19935860,0.016627,1.2,"buy"
1466334998,19935862,0.016628,1.50602584,"buy"
1466334998,19935864,0.016629,2.79397416,"buy"
1466334998,19935866,0.016629,0.44910563,"buy"
1466334998,19935868,0.016629,4.04317811,"buy"
1466334998,19935870,0.01663,0.1,"buy"
1466334998,19935872,0.01663,1.15387,"buy"
1466335002,19935876,0.01663,0.1,"buy"
1466335005,19935880,0.016627,1.29700865,"sell"
1466335005,19935886,0.016627,0.16917504,"sell"
1466335005,19935888,0.016627,1.15569898,"sell"
1466335005,19935890,0.016627,0.15074334,"sell"
1466335006,19935898,0.016627,1.33379915,"sell"
1466335007,19935902,0.016627,0.1739738,"sell"
1466335009,19935904,0.016627,0.1739738,"sell"
1466335017,19935908,0.01663,1.082053,"buy"
1466335062,19935918,0.01663,0.664077,"buy"
1466335062,19935920,0.01663,0.1,"buy"
1466335062,19935922,0.01664,0.3,"buy"
1466335062,19935924,0.01664,0.5,"buy"
1466335109,19935958,0.01665,0.1,"sell"
1466335116,19935960,0.016626,196.644616,"sell"
1466335116,19935962,0.01662,0.2,"sell"
1466335116,19935964,0.01662,0.2,"sell"
1466335116,19935966,0.016606,117.6385,"buy"
1466335122,19935968,0.0166,0.1,"sell"
1466335141,19936024,0.016598,1,"sell"
1466335141,19936026,0.01662,0.1,"sell"
1466335141,19936028,0.0166,0.3,"sell"
1466335211,19936054,0.01659,2.41,"buy"
1466335222,19936056,0.01658,0.1,"sell"
1466335259,19936062,0.01658,2.9,"buy"
1466335259,19936064,0.01658,0.1,"buy"
1466335263,19936068,0.01655,0.2,"sell"
1466335263,19936070,0.016525,0.40808603,"sell"
1466335263,19936074,0.01657,0.2,"sell"
1466335297,19936096,0.01658,0.1,"sell"
1466335306,19936098,0.01658,0.70761778,"buy"
1466335306,19936100,0.01655,0.1,"buy"
1466335309,19936102,0.01657,0.13931888,"buy"
1466335312,19936104,0.01658,0.59939965,"buy"
1466335312,19936106,0.01657,0.26068112,"buy"
1466335316,19936108,0.01658,0.26638939,"buy"
1466335320,19936110,0.01658,0.13346335,"buy"
1466335324,19936124,0.01658,0.56352567,"buy"
1466335326,19936126,0.01658,0.10215595,"buy"
1466335332,19936128,0.01658,0.47928234,"buy"
1466335334,19936130,0.01658,0.04816587,"buy"
1466335334,19936132,0.01658,0.76004724,"buy"
1466335336,19936134,0.01658,0.97139847,"buy"
1466335338,19936136,0.01658,0.70208573,"buy"
1466335338,19936138,0.01658,2.56646856,"buy"
1466335340,19936140,0.0166,0.2,"buy"
1466335340,19936142,0.0166,0.05596645,"buy"
1466335340,19936144,0.01659,0.59,"buy"
1466335342,19936148,0.0166,0.14403355,"buy"
1466335342,19936150,0.0166,0.05851513,"buy"
1466335344,19936152,0.0166,0.04148487,"buy"
1466335346,19936154,0.01661,3,"buy"
1466335346,19936156,0.016688,0.80490532,"buy"
1466335346,19936158,0.01661,0.2,"buy"
1466335346,19936160,0.01663,0.1,"buy"
1466335346,19936162,0.01662,0.3,"buy"
1466335346,19936164,0.01661,0.1,"buy"
1466335346,19936166,0.01664,0.2,"buy"
1466335346,19936168,0.016699,4.5794459,"buy"
1466335346,19936170,0.01669,5.9,"buy"
1466335346,19936172,0.01669,0.2,"buy"
1466335346,19936174,0.01663,0.4,"buy"
1466335346,19936176,0.01669,2.195562,"buy"
1466335346,19936178,0.01661,0.1,"buy"
1466335362,19936182,0.01667,0.1,"sell"
1466335364,19936186,0.01665,0.5,"sell"
1466335364,19936188,0.01663,0.4,"sell"
1466335368,19936198,0.016612,0.9,"sell"
1466335369,19936202,0.016612,50,"sell"
1466335374,19936204,0.016628,0.9,"buy"
1466335374,19936206,0.01662,0.1,"buy"
1466335377,19936208,0.016649,0.9,"buy"
1466335377,19936210,0.016649,0.9,"buy"
1466335384,19936220,0.01663,0.1,"sell"
1466335445,19936242,0.016619,0.9,"buy"
1466335445,19936244,0.016619,0.1,"buy"
1466335445,19936246,0.016619,0.9,"buy"
1466335471,19936256,0.016668,1.25551,"buy"
1466335470,19936258,0.01662,0.1,"buy"
1466335471,19936260,0.01665,0.1,"buy"
1466335472,19936272,0.016627,1.2852972,"sell"
1466335473,19936274,0.016631,1.00072263,"sell"
1466335473,19936276,0.01667,0.5,"buy"
1466335473,19936278,0.016669,1.00072263,"buy"
1466335473,19936280,0.01667,0.26874337,"buy"
1466335474,19936284,0.016632,1.19006268,"sell"
1466335475,19936288,0.016638,0.75526243,"sell"
1466335475,19936290,0.01665,0.1,"sell"
1466335476,19936294,0.016699,2.83133237,"buy"
1466335476,19936296,0.01668,0.4,"buy"
1466335476,19936298,0.01667,0.13125663,"buy"
1466335487,19936304,0.016665,0.11155597,"sell"
1466335489,19936310,0.016666,0.11155597,"sell"
1466335489,19936312,0.016666,0.11155597,"sell"
1466335490,19936318,0.016666,0.1117309,"sell"
1466335491,19936320,0.016666,0.11173117,"sell"
1466335492,19936326,0.016666,0.11155597,"sell"
1466335493,19936330,0.016666,0.11155597,"sell"
1466335494,19936334,0.016666,0.1117309,"sell"
1466335495,19936340,0.016666,0.11155597,"sell"
1466335495,19936342,0.016666,0.1117309,"sell"
1466335499,19936348,0.016666,0.11155597,"sell"
1466335500,19936352,0.016666,0.11205821,"sell"
1466335500,19936358,0.016666,0.11144707,"sell"
1466335501,19936360,0.016666,0.20871328,"sell"
1466335502,19936366,0.016666,0.20871328,"sell"
1466335504,19936372,0.016666,0.20871328,"sell"
1466335504,19936376,0.016666,0.20904055,"sell"
1466335505,19936380,0.016669,0.20904055,"buy"
1466335505,19936382,0.016699,15.91586945,"buy"
1466335505,19936384,0.01667,0.1,"buy"
1466335507,19936390,0.016667,0.20904106,"sell"
1466335508,19936392,0.016668,0.20871328,"sell"
1466335509,19936396,0.016671,0.20904055,"sell"
1466335517,19936406,0.016678,0.10871328,"sell"
1466335517,19936408,0.01668,0.1,"sell"
1466335521,19936410,0.016699,3.2,"buy"
1466335528,19936420,0.016673,0.1,"sell"
1466335536,19936422,0.016674,0.20871328,"sell"
1466335537,19936428,0.016674,0.10904055,"sell"
1466335537,19936430,0.01668,0.1,"sell"
1466335539,19936442,0.016673,9.82958257,"sell"
1466335539,19936444,0.016674,0.00034919,"sell"
1466335538,19936446,0.016674,88.23189698,"sell"
1466335539,19936452,0.016673,48.27937065,"sell"
1466335554,19936466,0.016674,0.20904055,"sell"
1466335568,19936476,0.016674,0.20904055,"sell"
1466335570,19936478,0.016674,0.20871328,"sell"
1466335570,19936480,0.016674,0.20871328,"sell"
1466335585,19936492,0.016678,1.494492,"buy"
1466335612,19936498,0.0167,3,"buy"
1466335612,19936500,0.0167,3,"buy"
1466335612,19936502,0.016678,1.505508,"buy"
1466335612,19936504,0.0167,3,"buy"
1466335612,19936506,0.01668,0.1,"buy"
1466335612,19936508,0.0167,1,"buy"
1466335637,19936530,0.01671,2.331,"buy"
1466335639,19936532,0.01672,1,"buy"
1466335639,19936534,0.01671,0.669,"buy"
1466335639,19936536,0.01672,0.661,"buy"
1466335642,19936538,0.01672,2.339,"buy"
1466335752,19936666,0.01677,3,"buy"
1466335752,19936668,0.01677,0.4,"buy"
1466335758,19936670,0.0168,10.361064,"buy"
1466335758,19936672,0.01682,0.5,"buy"
1466335758,19936674,0.0168,0.8,"buy"
1466335758,19936676,0.0168,3,"buy"
1466335758,19936678,0.01684,76.2023,"buy"
1466335758,19936680,0.01681,0.2,"buy"
1466335758,19936682,0.0168,3,"buy"
1466335758,19936684,0.01679,0.83656058,"buy"
1466335758,19936686,0.01679,0.2,"buy"
1466335758,19936688,0.01683,0.2,"buy"
1466335758,19936690,0.01681,0.5,"buy"
1466335758,19936692,0.01681,25.286759,"buy"
1466335758,19936694,0.016847,3.81422179,"buy"
1466335758,19936696,0.01685,0.8,"buy"
1466335758,19936698,0.01685,0.8,"buy"
1466335769,19936706,0.01685,5.9901096,"sell"
1466335781,19936720,0.01686,0.5,"buy"
1466335781,19936722,0.01686,0.53735786,"buy"
1466335781,19936724,0.01686,0.65127456,"buy"
1466335781,19936726,0.01686,0.81779003,"buy"
1466335781,19936728,0.01686,0.98497408,"buy"
1466335781,19936730,0.01686,0.97212947,"buy"
1466335801,19936750,0.01687,0.29321369,"buy"
1466335801,19936752,0.01687,0.6315459,"buy"
1466335801,19936754,0.01687,0.93394875,"buy"
1466335801,19936756,0.01687,0.52888447,"buy"
1466335801,19936758,0.01687,0.46001458,"buy"
1466335801,19936760,0.01687,0.2988477,"buy"
1466335801,19936762,0.01687,0.97731035,"buy"
1466335801,19936764,0.01687,0.29038232,"buy"
1466335801,19936766,0.01687,0.1353583,"buy"
1466335801,19936768,0.01687,0.12143088,"buy"
1466335801,19936770,0.01687,0.61622917,"buy"
1466335801,19936772,0.01687,0.44655841,"buy"
1466335801,19936774,0.01687,0.2724902,"buy"
1466335801,19936776,0.01687,0.453803,"buy"
1466335801,19936778,0.01687,0.98487693,"buy"
1466335801,19936780,0.01687,0.15931746,"buy"
1466335801,19936782,0.01687,0.52464413,"buy"
1466335801,19936784,0.01687,0.22602438,"buy"
1466335801,19936786,0.01687,0.92692726,"buy"
1466335801,19936788,0.01687,0.94569724,"buy"
