"timestamp","tid","price","amount","sell"
1466405018,20031158,760.64,0.03957054,"sell"
1466405018,20031160,760.64,0.023,"sell"
1466405019,20031166,760.65,0.07564716,"sell"
1466405020,20031172,760.65,0.07554684,"sell"
1466405020,20031184,760.65,0.05019171,"sell"
1466405020,20031186,760.65,0.07553392,"sell"
1466405021,20031196,760.65,0.07564716,"sell"
1466405022,20031248,760.65,0.07550802,"sell"
1466405022,20031250,760.65,0.04055362,"sell"
1466405022,20031260,760.65,0.023,"sell"
1466405023,20031270,760.65,0.03625048,"sell"
1466405023,20031274,760.65,0.17489832,"sell"
1466405023,20031278,760.65,0.03925754,"sell"
1466405024,20031296,760.65,0.04055362,"sell"
1466405024,20031300,760.65,0.03925754,"sell"
1466405024,20031306,760.65,0.03625048,"sell"
1466405024,20031308,760.65,0.03625048,"sell"
1466405024,20031316,760.65,0.06447021,"sell"
1466405024,20031318,760.65,0.04383076,"sell"
1466405026,20031336,760.65,0.17489832,"sell"
1466405026,20031338,760.65,0.33898023,"sell"
1466405026,20031354,760.65,0.02192199,"sell"
1466405028,20031366,760.65,0.1591767,"sell"
1466405028,20031376,760.65,0.01431032,"sell"
1466405029,20031384,760.65,0.18771943,"sell"
1466405029,20031390,760.65,0.01431164,"sell"
1466405030,20031400,760.65,0.0167122,"sell"
1466405030,20031404,760.65,0.2081585,"sell"
1466405030,20031408,760.65,0.01431164,"sell"
1466405033,20031410,760.65,0.1,"sell"
1466405035,20031420,760.65,0.11822124,"sell"
1466405036,20031424,760.65,0.32013007,"sell"
1466405042,20031450,760.65,0.32013007,"sell"
1466405042,20031454,760.65,0.19189717,"sell"
1466405044,20031460,760.65,0.014309,"sell"
1466405048,20031496,760.65,0.31268317,"sell"
1466405059,20031560,760.65,0.02819663,"sell"
1466405060,20031606,760.65,0.27150875,"sell"
1466405061,20031610,760.65,0.06764537,"sell"
1466405061,20031614,760.65,0.31410028,"sell"
1466405063,20031660,760.65,0.125279,"sell"
1466405065,20031670,760.65,0.31860978,"sell"
1466405065,20031684,760.65,0.125279,"sell"
1466405065,20031686,760.65,0.01,"sell"
1466405065,20031692,760.65,0.0670441,"sell"
1466405066,20031698,760.65,0.125279,"sell"
1466405067,20031712,760.65,0.04024656,"sell"
1466405068,20031714,760.65,0.0670441,"sell"
1466405070,20031732,760.65,0.04024656,"sell"
1466405072,20031738,760.65,0.46502769,"sell"
1466405080,20031770,760.65,0.01907775,"sell"
1466405080,20031774,760.65,0.188853,"sell"
1466405080,20031784,760.65,0.01425755,"sell"
1466405093,20031814,760.65,0.07101004,"sell"
1466405093,20031820,760.65,0.01561672,"sell"
1466405095,20031826,760.65,0.01429977,"sell"
1466405098,20031844,760.65,0.10429192,"sell"
1466405098,20031850,760.65,0.01906394,"sell"
1466405104,20031872,760.87,0.02624409,"sell"
1466405105,20031874,760.87,0.04298668,"sell"
1466405106,20031880,760.87,0.01286607,"sell"
1466405107,20031884,760.87,0.01,"sell"
1466405109,20031898,760.87,0.05146429,"sell"
1466405110,20031900,760.87,0.04107325,"sell"
1466405111,20031910,760.87,0.02500515,"sell"
1466405113,20031920,760.87,0.02203984,"sell"
1466405113,20031926,760.87,0.01429582,"sell"
1466405132,20032004,760.88,0.0585,"buy"
1466405140,20032014,760.96,0.01,"buy"
1466405140,20032016,760.88,0.0015,"buy"
1466405140,20032018,760.9,2,"buy"
1466405140,20032022,761,1,"buy"
1466405140,20032026,761.08,16.9885,"buy"
1466405141,20032030,760.87,0.04967835,"sell"
1466405141,20032032,760.87,0.04967835,"sell"
1466405141,20032036,760.87,0.01,"sell"
1466405143,20032042,760.87,0.04967835,"sell"
1466405144,20032060,760.96,0.04967836,"sell"
1466405146,20032068,760.96,0.01057289,"sell"
1466405147,20032072,760.96,0.04967835,"sell"
1466405147,20032088,760.96,0.02284347,"sell"
1466405156,20032118,760.96,9.70992693,"sell"
1466405156,20032120,760.88,5.29007307,"sell"
1466405159,20032158,761.08,0.025,"buy"
1466405159,20032162,760.98,0.01419503,"sell"
1466405163,20032166,760.98,0.01,"sell"
1466405163,20032170,760.98,0.01419465,"sell"
1466405168,20032188,760.98,0.01562175,"sell"
1466405174,20032196,761.01,0.01414981,"sell"
1466405177,20032206,761.01,0.0491008,"sell"
1466405179,20032212,761.01,0.01415057,"sell"
1466405188,20032218,761.01,0.01,"sell"
1466405190,20032222,761.08,19.8082,"buy"
1466405191,20032226,761.02,0.01,"sell"
1466405192,20032228,761.08,5,"buy"
1466405195,20032230,761.08,5,"buy"
1466405199,20032236,761.07,0.02,"sell"
1466405217,20032290,761.08,1.8372,"buy"
1466405225,20032336,761.07,0.12450803,"sell"
1466405228,20032342,761.07,0.12450803,"sell"
1466405230,20032352,761.07,0.03228246,"sell"
1466405240,20032384,761.08,0.0284,"buy"
1466405251,20032396,761.08,5,"buy"
1466405254,20032398,761.07,0.02,"sell"
1466405258,20032402,761.07,1.99,"sell"
1466405260,20032404,761.08,3.58,"buy"
1466405265,20032406,761.08,5,"buy"
1466405266,20032410,761.07,0.02,"sell"
1466405269,20032412,761.08,3.69276491,"buy"
1466405269,20032414,761.08,0.02,"buy"
1466405269,20032416,761.08,0.02,"buy"
1466405269,20032418,761.08,1.24723509,"buy"
1466405269,20032420,761.08,0.02,"buy"
1466405282,20032440,761.11,0.0841826,"buy"
1466405282,20032442,761.19,3,"buy"
1466405282,20032444,761.08,2.59959741,"buy"
1466405282,20032446,761.18,0.5,"buy"
1466405282,20032448,761.22,0.0103,"buy"
1466405282,20032450,761.92,3.2742017,"buy"
1466405282,20032452,761.2,0.0103,"buy"
1466405282,20032454,761.74,0.28272836,"buy"
1466405282,20032456,761.75,0.01868993,"buy"
1466405283,20032458,761.97,0.5,"buy"
1466405283,20032460,761.98,3,"buy"
1466405283,20032462,761.98,3,"buy"
1466405283,20032464,761.91,3,"buy"
1466405283,20032466,762.51,0.9178822,"buy"
1466405283,20032468,762.38,0.5,"buy"
1466405283,20032470,762.49,6,"buy"
1466405283,20032474,762,0.0821178,"buy"
1466405283,20032476,761.98,3,"buy"
1466405294,20032558,761.89,0.0796,"buy"
1466405310,20032592,761.81,0.33926843,"sell"
1466405356,20032718,761.86,0.09470128,"sell"
1466405356,20032720,761.9,0.05818467,"buy"
1466405358,20032736,761.9,0.04437009,"buy"
1466405359,20032762,761.9,0.06294662,"buy"
1466405360,20032768,761.9,0.01387268,"buy"
1466405360,20032774,761.9,1.35835143,"buy"
1466405361,20032776,761.9,0.06294662,"buy"
1466405361,20032778,761.9,0.06294662,"buy"
1466405396,20032848,762.16,6.5111,"sell"
1466405396,20032850,762.16,3.26703165,"sell"
1466405458,20032966,762.15,0.9392,"sell"
1466405458,20032968,762.16,1.59971319,"buy"
1466405458,20032970,762.5,3.24342803,"buy"
1466405458,20032972,762.43,3.2,"buy"
1466405471,20032984,762.51,2.0821178,"buy"
1466405471,20032986,762.49,6.5374,"buy"
1466405471,20032988,762.48,2.36632136,"buy"
1466405471,20032990,762.51,1.16366084,"buy"
1466405471,20032992,762.51,1.005,"buy"
1466405507,20033072,762.5,0.05599327,"buy"
1466405511,20033082,762.49,0.94650728,"sell"
1466405524,20033104,762.5,0.69482376,"buy"
1466405544,20033142,762.5,0.48190212,"buy"
1466405544,20033144,762.5,0.07769788,"buy"
1466405570,20033182,762.5,20.4123,"buy"
1466405573,20033192,762.5,6.5501,"buy"
1466405573,20033194,762.5,9.45829,"buy"
1466405573,20033196,762.5,26.82200212,"buy"
1466405606,20033224,762.51,0.31794107,"buy"
1466405606,20033232,762.51,0.04147057,"buy"
1466405607,20033254,762.5,7.16960788,"sell"
1466405607,20033264,762.51,0.69513081,"buy"
1466405607,20033268,762.51,0.69539856,"buy"
1466405608,20033278,762.51,0.01032374,"buy"
1466405608,20033280,762.51,0.07914864,"buy"
1466405608,20033282,762.51,0.36218807,"buy"
1466405608,20033286,762.51,0.60680636,"buy"
1466405612,20033296,762.49,0.3112378,"sell"
1466405644,20033422,762.5,2,"sell"
1466405647,20033432,762.5,1.354,"sell"
1466405649,20033436,762.5,0.9685849,"sell"
1466405649,20033438,762.5,1.4717351,"sell"
1466405649,20033440,762.5,2.44032,"sell"
1466405677,20033474,762.52,3,"buy"
1466405677,20033476,762.51,3,"buy"
1466405677,20033478,762.51,1.02293134,"buy"
1466405693,20033528,762.63,0.025,"sell"
1466405766,20033758,762.72,0.1,"buy"
1466405766,20033760,762.72,0.1,"buy"
1466405802,20033830,762.99,0.14983678,"buy"
1466405813,20033874,762.99,0.07281878,"buy"
1466405825,20033920,762.99,0.11734444,"buy"
1466405825,20033922,763,0.02041654,"buy"
1466405833,20033932,762.99,0.14250659,"buy"
1466405838,20033956,762.99,0.0724402,"buy"
1466405838,20033962,762.99,0.04213325,"buy"
1466405842,20033970,762.99,0.0105,"buy"
1466405843,20033992,763,0.03713146,"buy"
1466405843,20033994,762.99,0.02241996,"buy"
1466405843,20033998,763,0.10996625,"buy"
1466405847,20034006,763,0.05823937,"buy"
1466405850,20034008,762.98,0.30029824,"sell"
1466405868,20034026,762.99,3.3,"sell"
1466405884,20034196,763,3.77424638,"buy"
1466405890,20034198,763,0.5,"sell"
1466405929,20034336,763.37,0.025,"buy"
1466405935,20034354,763.33,0.2,"buy"
1466405960,20034432,763.27,1.00463293,"buy"
1466405960,20034434,763.27,2.5860863,"buy"
1466405960,20034436,763.38,0.27,"buy"
1466405977,20034502,763.49,0.08360415,"buy"
1466405979,20034528,763.41,0.523886,"sell"
1466405986,20034596,763.41,0.036577,"sell"
1466405986,20034604,763.41,0.22572513,"sell"
1466405986,20034606,763.41,0.15197294,"sell"
1466405987,20034644,763.41,0.02090214,"sell"
1466405988,20034656,763.41,0.15197294,"sell"
1466405988,20034662,763.41,0.45579966,"sell"
1466405988,20034664,763.41,0.05945213,"sell"
1466405988,20034668,763.41,0.15197294,"sell"
1466405989,20034690,763.41,0.0475205,"sell"
1466405989,20034692,763.41,0.15197294,"sell"
1466405989,20034700,763.41,0.45579966,"sell"
1466405989,20034708,763.41,0.32739268,"sell"
1466405989,20034710,763.41,0.05945213,"sell"
1466405989,20034718,763.41,0.04270339,"sell"
1466405990,20034728,763.41,0.03721243,"sell"
1466405990,20034742,763.41,0.05945213,"sell"
1466405991,20034746,763.41,1.4298889,"sell"
1466405991,20034750,763.41,0.05945213,"sell"
1466405992,20034786,763.41,0.04270339,"sell"
1466405992,20034790,763.41,0.04270339,"sell"
1466405993,20034798,763.41,0.04270339,"sell"
1466405993,20034800,763.41,0.04270339,"sell"
1466405993,20034802,763.41,0.03721243,"sell"
1466405993,20034816,763.41,0.04270339,"sell"
1466405994,20034826,763.41,0.03721243,"sell"
1466405995,20034864,763.41,0.03721243,"sell"
1466405995,20034868,763.45,0.268,"buy"
1466405996,20034896,763.41,0.01965299,"sell"
1466405998,20034910,763.41,0.0221766,"sell"
1466405998,20034912,763.41,0.03721243,"sell"
1466405998,20034914,763.41,0.01965299,"sell"
1466405999,20034916,763.41,0.01074603,"sell"
1466405999,20034922,763.41,0.0221766,"sell"
1466406002,20034928,763.41,0.12692017,"sell"
1466406002,20034930,763.41,0.01655481,"sell"
1466406003,20034952,763.41,0.01694834,"sell"
1466406003,20034954,763.41,0.1299373,"sell"
1466406004,20034958,763.41,0.0364731,"sell"
1466406006,20034978,763.41,0.01650393,"sell"
1466406008,20034982,763.41,0.01006409,"sell"
1466406010,20035006,763.41,0.01127669,"sell"
1466406010,20035008,763.41,0.08645464,"sell"
1466406010,20035018,763.41,0.5,"sell"
1466406010,20035028,763.41,0.012855,"sell"
1466406011,20035030,763.41,0.02596159,"sell"
1466406011,20035034,763.41,0.01285521,"sell"
1466406013,20035046,763.41,0.01507711,"sell"
1466406013,20035052,763.41,0.01306613,"sell"
1466406016,20035074,763.41,0.01038956,"sell"
1466406019,20035094,763.41,0.01999986,"sell"
1466406023,20035104,763.41,0.0163117,"sell"
1466406030,20035142,763.5,0.36856745,"buy"
1466406030,20035144,763.75,0.57033495,"buy"
1466406030,20035146,763.44,0.0610976,"buy"
1466406032,20035154,763.75,1,"buy"
1466406034,20035156,763.41,0.40029677,"sell"
1466406038,20035176,763.41,0.08947309,"sell"
1466406050,20035200,763.74,0.07533727,"buy"
1466406050,20035202,763.73,0.02466273,"buy"
1466406050,20035204,763.74,0.1,"buy"
1466406051,20035206,763.74,0.1,"buy"
1466406052,20035210,763.74,0.1,"buy"
1466406103,20035360,763.76,0.73342481,"buy"
1466406104,20035370,763.74,0.73539143,"buy"
1466406109,20035392,763.76,0.01600305,"buy"
1466406109,20035394,763.76,2.25057214,"buy"
1466406109,20035398,763.99,2.004,"buy"
1466406109,20035400,763.95,0.2736,"buy"
1466406109,20035402,763.99,3.268,"buy"
1466406109,20035406,764,10.23747243,"buy"
1466406112,20035408,763.75,1.04647989,"sell"
1466406120,20035412,763.98,0.29291509,"buy"
1466406120,20035416,763.88,0.253142,"buy"
1466406120,20035420,764,2.56596517,"buy"
1466406121,20035424,763.86,1.04647989,"sell"
1466406121,20035426,763.85,2.91,"sell"
1466406132,20035436,763.86,0.01293938,"sell"
1466406159,20035490,764,0.09268057,"buy"
1466406160,20035496,763.89,0.21465285,"sell"
1466406160,20035498,763.89,0.0279982,"sell"
1466406160,20035500,764,1.196628,"buy"
1466406163,20035544,763.99,0.06996426,"buy"
1466406163,20035552,763.99,0.14468859,"buy"
1466406163,20035564,764,3.44346635,"buy"
1466406164,20035566,764,0.06234705,"buy"
1466406166,20035586,764,0.02859835,"buy"
1466406170,20035600,764,0.02965326,"buy"
1466406175,20035604,764,0.21998416,"buy"
1466406187,20035614,763.99,0.06995923,"sell"
1466406187,20035616,763.99,0.2137951,"sell"
1466406187,20035620,763.97,1.04863137,"sell"
1466406187,20035622,763.99,0.6675143,"sell"
1466406187,20035624,764,0.07222578,"buy"
1466406204,20035628,763.98,1,"sell"
1466406205,20035648,764,2.44563894,"buy"
1466406205,20035650,764,0.16714047,"buy"
1466406206,20035658,764,0.16714047,"buy"
1466406207,20035662,764,0.24976757,"buy"
1466406209,20035672,764,0.16714047,"buy"
1466406211,20035684,764,0.15264382,"buy"
1466406212,20035686,764,0.01374,"buy"
1466406217,20035698,764,0.16688639,"buy"
1466406217,20035708,764,0.21009233,"buy"
1466406218,20035716,763.98,0.01,"sell"
1466406218,20035722,764,0.02165578,"buy"
1466406219,20035728,764,0.16688639,"buy"
1466406219,20035738,764,2.5878028,"buy"
1466406220,20035744,764,0.09246072,"buy"
1466406220,20035782,764,0.16688639,"buy"
1466406221,20035794,764,0.08276291,"buy"
1466406222,20035798,764,0.01554771,"buy"
1466406222,20035802,764,0.16688639,"buy"
1466406222,20035804,764,0.08698411,"buy"
1466406222,20035810,764,0.07350008,"buy"
1466406222,20035812,764,0.3075626,"buy"
1466406222,20035824,764,0.16688639,"buy"
1466406222,20035830,764,0.16670823,"buy"
1466406223,20035840,764,0.16662664,"buy"
1466406223,20035844,764,0.01818567,"buy"
1466406223,20035846,764,0.07352764,"buy"
1466406224,20035850,764,0.07350008,"buy"
1466406224,20035854,764,0.16661339,"buy"
1466406225,20035870,764,0.07350008,"buy"
1466406225,20035872,764,0.11741647,"buy"
1466406225,20035874,764,0.07071199,"buy"
1466406225,20035882,764,0.07159783,"buy"
1466406225,20035886,764,0.16662664,"buy"
1466406225,20035888,764,0.16661121,"buy"
1466406226,20035892,764,0.16661121,"buy"
1466406225,20035894,764,0.01484054,"buy"
1466406226,20035898,764,0.3075626,"buy"
1466406226,20035900,764,0.01524915,"buy"
1466406226,20035902,764,0.16661339,"buy"
1466406229,20035932,764,0.07074925,"buy"
1466406233,20035954,764,0.03902558,"buy"
1466406238,20035962,763.99,0.03885002,"buy"
1466406244,20035980,763.99,0.02457491,"buy"
1466406244,20035986,763.98,0.1645873,"sell"
1466406256,20035990,763.98,1.14332,"sell"
1466406263,20035998,763.99,0.8246,"buy"
1466406309,20036124,763.97,0.01303868,"sell"
1466406348,20036182,763.99,0.12111,"buy"
1466406396,20036256,763.98,0.1417,"sell"
1466406412,20036298,763.98,0.046293,"sell"
1466406412,20036300,763.99,0.07786712,"buy"
1466406413,20036312,763.99,0.02691106,"buy"
1466406413,20036314,763.99,0.05382212,"buy"
1466406413,20036316,763.99,0.03965841,"buy"
1466406413,20036322,763.99,0.05382212,"buy"
1466406414,20036330,763.99,0.01274734,"buy"
1466406414,20036332,763.99,0.02695959,"buy"
1466406414,20036334,763.99,0.01277033,"buy"
1466406416,20036340,763.99,0.04114884,"buy"
1466406422,20036366,763.98,0.010479,"sell"
1466406423,20036372,763.99,0.07648407,"buy"
1466406423,20036402,763.99,0.16385588,"buy"
1466406425,20036420,763.99,0.01277033,"buy"
1466406426,20036436,763.99,0.04390953,"buy"
1466406427,20036438,763.99,0.0368551,"buy"
1466406428,20036448,763.99,0.16385588,"buy"
1466406429,20036456,763.99,0.08676731,"buy"
1466406430,20036470,763.99,0.57585298,"buy"
1466406430,20036476,763.99,0.08692378,"buy"
1466406431,20036482,763.99,0.22420714,"buy"
1466406435,20036496,763.99,0.18281107,"buy"
1466406435,20036498,763.99,1.40717788,"buy"
1466406438,20036520,763.99,0.16414984,"buy"
1466406438,20036524,763.99,0.0562494,"buy"
1466406439,20036528,763.99,0.16367483,"buy"
1466406441,20036538,763.99,0.06095255,"buy"
1466406442,20036544,763.98,0.057439,"sell"
1466406443,20036564,763.99,0.03827253,"buy"
1466406443,20036570,763.99,0.06947718,"buy"
1466406462,20036610,763.98,0.12,"sell"
1466406481,20036630,763.99,0.1629506,"buy"
1466406482,20036640,763.99,0.42028142,"buy"
1466406482,20036642,763.98,0.12,"sell"
1466406484,20036650,763.99,0.02,"buy"
1466406484,20036656,763.99,0.28171818,"buy"
1466406484,20036664,763.99,0.1629506,"buy"
1466406485,20036678,763.99,0.46870691,"buy"
1466406486,20036680,763.99,0.46870691,"buy"
1466406486,20036682,763.99,0.1629506,"buy"
1466406485,20036684,763.99,0.1629506,"buy"
1466406486,20036688,763.99,0.05062538,"buy"
1466406490,20036694,763.99,0.1629506,"buy"
1466406498,20036718,763.99,0.14053688,"buy"
1466406498,20036726,763.99,0.14201265,"buy"
1466406498,20036738,763.99,3.00444947,"buy"
1466406498,20036740,763.99,0.14201265,"buy"
1466406500,20036762,763.99,2.09093522,"buy"
1466406500,20036770,763.99,0.1632423,"buy"
1466406501,20036778,763.99,0.02093609,"buy"
1466406502,20036794,763.99,1.6288003,"buy"
1466406502,20036798,763.99,0.1629506,"buy"
1466406506,20036838,763.98,0.197369,"sell"
1466406506,20036848,763.99,0.14252935,"buy"
1466406507,20036852,763.98,0.162814,"sell"
1466406511,20036866,763.98,0.26477226,"sell"
1466406520,20036890,763.98,0.081844,"sell"
1466406520,20036892,763.98,0.027212,"sell"
1466406521,20036912,763.98,0.02716373,"sell"
1466406522,20036936,763.98,0.061766,"sell"
1466406522,20036938,763.98,0.02716373,"sell"
1466406524,20036950,763.98,0.060324,"sell"
1466406525,20036958,763.98,0.86037056,"sell"
1466406525,20036964,763.98,0.09489226,"sell"
1466406525,20036968,763.98,0.16116355,"sell"
1466406526,20036972,763.98,0.16116355,"sell"
1466406528,20036982,763.98,0.014012,"sell"
1466406534,20037000,763.98,0.01930134,"sell"
1466406536,20037004,763.98,0.0554673,"sell"
1466406537,20037008,763.98,0.019296,"sell"
1466406552,20037064,764,0.36525844,"buy"
1466406553,20037068,764,0.1625411,"buy"
1466406557,20037082,764,0.01124005,"buy"
1466406558,20037088,764,1.9772664,"buy"
1466406560,20037098,764,2.02133605,"buy"
1466406561,20037104,764,0.0658268,"buy"
1466406564,20037132,764,0.16319543,"buy"
1466406564,20037140,764,0.0660918,"buy"
1466406566,20037148,764,0.06323704,"buy"
1466406566,20037152,764,0.03804816,"buy"
1466406566,20037154,764,0.04510693,"buy"
1466406571,20037170,763.99,0.16207149,"sell"
1466406579,20037194,764,0.35,"buy"
1466406590,20037246,764,0.3541487,"buy"
1466406591,20037296,764,0.1634011,"buy"
1466406591,20037310,764,0.1938483,"buy"
1466406591,20037314,764,0.13539867,"buy"
1466406591,20037318,764,0.02528456,"buy"
1466406592,20037326,764,0.02953004,"buy"
1466406592,20037338,764,0.1350534,"buy"
1466406593,20037342,764,0.03671406,"buy"
1466406594,20037354,764,0.16385371,"buy"
1466406594,20037364,764,0.16340382,"buy"
1466406595,20037380,764,0.05019316,"buy"
1466406597,20037396,764,0.05019316,"buy"
1466406597,20037398,764,0.16340382,"buy"
1466406692,20037538,763.98,0.327818,"sell"
1466406700,20037552,763.99,0.01138244,"sell"
1466406704,20037566,763.99,0.01422845,"sell"
1466406706,20037570,763.99,0.02408727,"sell"
1466406712,20037640,763.99,0.301255,"sell"
1466406736,20037672,764,0.16445725,"buy"
1466406736,20037674,764,0.16445725,"buy"
1466406736,20037676,764,0.16445725,"buy"
1466406736,20037680,764,0.16445725,"buy"
1466406736,20037682,764,0.06562159,"buy"
1466406742,20037748,763.99,0.176518,"sell"
1466406742,20037752,763.99,0.055916,"sell"
1466406744,20037768,763.99,0.05585544,"sell"
1466406744,20037776,763.99,0.01659366,"sell"
1466406746,20037792,763.99,0.02291504,"sell"
1466406751,20037812,763.99,0.53922095,"sell"
1466406751,20037814,763.99,0.184206,"sell"
1466406751,20037820,763.99,0.16609789,"sell"
1466406752,20037830,763.99,0.53922104,"sell"
1466406752,20037832,763.99,0.16609789,"sell"
1466406765,20037854,763.99,0.58,"sell"
1466406877,20038020,763.99,0.42452644,"buy"
1466406877,20038022,763.99,0.3,"buy"
1466406878,20038034,763.99,0.72844814,"buy"
1466406879,20038044,763.99,0.16814088,"buy"
1466406880,20038048,763.99,0.16813868,"buy"
1466406880,20038058,763.99,0.01422675,"buy"
1466406880,20038068,763.99,0.16843967,"buy"
1466406880,20038070,763.99,0.26146376,"buy"
1466406880,20038074,763.99,0.16813868,"buy"
1466406881,20038080,763.99,3.27777934,"buy"
1466406881,20038082,763.99,0.1672397,"buy"
1466406882,20038094,763.99,0.16753278,"buy"
1466406882,20038102,763.99,0.38985383,"buy"
1466406883,20038106,763.99,0.17035921,"buy"
1466406883,20038110,763.99,0.16814088,"buy"
1466406884,20038116,763.99,0.16813648,"buy"
1466406884,20038120,763.99,0.1672356,"buy"
1466406889,20038130,763.99,0.04329593,"buy"
1466406974,20038214,763.99,0.16702174,"buy"
1466406975,20038220,763.99,0.16672261,"buy"
1466406976,20038230,763.99,0.16672261,"buy"
1466406977,20038242,763.99,0.16672261,"buy"
1466406977,20038244,763.99,0.55879599,"buy"
1466406977,20038246,763.99,3.09526532,"buy"
1466406978,20038250,763.99,0.16702174,"buy"
1466406977,20038252,763.99,1.18146132,"buy"
1466406978,20038260,763.99,0.16672261,"buy"
1466406980,20038266,763.99,0.16672261,"buy"
1466406981,20038270,763.99,0.16672261,"buy"
1466406987,20038334,763.99,0.05611447,"buy"
1466407022,20038390,763.99,0.1669915,"buy"
1466407024,20038396,763.99,0.02,"buy"
1466407033,20038398,763.99,0.01,"buy"
1466407042,20038424,763.99,0.02,"buy"
1466407042,20038426,763.99,0.16696128,"buy"
1466407043,20038436,763.98,0.52647146,"sell"
1466407044,20038444,763.98,0.1667226,"buy"
1466407045,20038450,763.98,4.30680017,"buy"
1466407045,20038452,763.99,0.80959752,"buy"
1466407046,20038460,763.99,0.03777858,"buy"
1466407046,20038462,763.99,0.16672261,"buy"
1466407046,20038464,763.99,0.16672261,"buy"
1466407047,20038468,763.99,10.23,"buy"
1466407053,20038478,763.99,0.01443769,"buy"
1466407057,20038480,763.98,0.22095535,"sell"
1466407057,20038482,763.98,0.01,"sell"
1466407062,20038484,763.98,1.0246062,"buy"
1466407063,20038486,763.98,0.02,"buy"
1466407089,20038490,763.98,0.02,"sell"
1466407089,20038492,763.98,0.30155324,"sell"
1466407091,20038494,763.41,6,"sell"
1466407091,20038496,762.8,3.71196607,"sell"
1466407091,20038498,763.95,0.7,"sell"
1466407091,20038500,763.97,1.53,"sell"
1466407091,20038502,763.4,6.5257,"sell"
1466407091,20038504,763.95,4,"sell"
1466407091,20038506,763.42,0.5,"sell"
1466407091,20038508,762.99,0.1,"sell"
1466407091,20038510,763.38,1.52168443,"sell"
1466407099,20038512,763.98,0.02,"buy"
1466407105,20038514,762.85,0.1,"sell"
1466407105,20038516,762.85,0.1,"sell"
1466407109,20038518,763.43,0.02,"buy"
1466407117,20038532,763.43,0.02,"buy"
1466407128,20038534,763.43,0.02,"buy"
1466407137,20038538,763.43,0.02,"buy"
1466407148,20038546,763.43,0.02,"buy"
1466407157,20038548,763.43,0.01,"buy"
1466407170,20038550,763.43,0.017,"buy"
1466407189,20038586,763.43,0.0819,"buy"
1466407206,20038638,763.43,0.16690222,"buy"
1466407207,20038644,763.43,0.0662182,"buy"
1466407207,20038650,763.43,0.55797958,"buy"
1466407207,20038652,763.43,0.205,"buy"
1466407207,20038654,763.58,1.099995,"buy"
1466407207,20038656,763.8,0.25336604,"buy"
1466407207,20038668,763.56,2.46190958,"buy"
1466407207,20038688,763.56,0.03119363,"buy"
1466407208,20038690,763.56,0.16690223,"buy"
1466407209,20038694,763.97,0.091523,"buy"
1466407209,20038696,763.98,0.03119363,"buy"
1466407209,20038700,763.98,0.07537923,"buy"
1466407227,20038720,763.99,7.764827,"buy"
1466407227,20038722,763.95,0.035173,"buy"
1466407263,20038742,763.99,0.09047217,"buy"
1466407280,20038746,763.71,2.40825578,"sell"
1466407280,20038748,763.86,0.5,"sell"
1466407280,20038750,763.85,2,"sell"
1466407280,20038752,763.87,0.09174422,"sell"
1466407280,20038754,763.72,3,"sell"
1466407303,20038756,763.33,3.59712231,"sell"
1466407303,20038758,763.49,0.09202962,"sell"
1466407303,20038760,763.34,6.5316,"sell"
1466407303,20038762,763.36,0.23311537,"sell"
1466407303,20038764,763.35,3,"sell"
1466407303,20038766,763.35,8.0119,"sell"
1466407324,20038824,763.96,0.16598981,"buy"
1466407325,20038830,763.96,0.13647139,"buy"
1466407326,20038838,763.96,0.07618245,"buy"
1466407328,20038844,763.96,0.04344885,"buy"
1466407348,20038872,763.99,0.16599416,"buy"
1466407349,20038874,763.99,0.04297671,"buy"
1466407351,20038884,763.99,0.05918008,"buy"
1466407351,20038886,763.99,0.14751477,"buy"
1466407351,20038888,763.99,0.14751477,"buy"
1466407359,20038894,763.97,0.10084391,"buy"
1466407360,20038902,763.97,0.05056557,"buy"
1466407361,20038916,763.97,0.16598764,"buy"
1466407361,20038920,763.97,0.06842762,"buy"
1466407362,20038936,763.97,0.01091116,"buy"
1466407363,20038946,763.97,0.01406399,"buy"
1466407363,20038950,763.97,0.08920011,"buy"
1466407363,20038952,763.98,0.16598764,"buy"
1466407363,20038958,763.98,0.08776457,"buy"
1466407367,20038982,763.97,0.04337565,"buy"
1466407375,20038988,763.94,0.01091116,"buy"
1466407414,20039054,763.96,0.16567295,"buy"
1466407416,20039058,763.96,0.06139695,"buy"
1466407451,20039076,763.82,0.03254304,"buy"
1466407482,20039088,763.85,0.05466845,"buy"
1466407489,20039102,763.85,0.49247407,"buy"
1466407494,20039112,763.85,0.03513319,"buy"
1466407494,20039114,763.85,0.08777465,"buy"
1466407504,20039134,763.85,0.02074602,"buy"
1466407505,20039140,763.85,0.02078343,"buy"
1466407506,20039146,763.85,0.02074602,"buy"
1466407506,20039148,763.85,0.04705148,"buy"
1466407509,20039152,763.85,0.38852191,"buy"
1466407510,20039156,763.85,0.87752157,"buy"
1466407518,20039160,763.84,1.26676574,"buy"
1466407572,20039218,763.74,0.03938178,"sell"
1466407593,20039276,763.77,0.0246753,"sell"
1466407593,20039278,763.76,0.28855887,"sell"
1466407645,20039346,763.1,0.01151672,"sell"
1466407647,20039364,763.1,0.203655,"sell"
1466407648,20039368,763.1,0.05282828,"sell"
1466407659,20039374,763.11,1.17,"sell"
1466407678,20039384,763.15,0.02886252,"sell"
1466407710,20039398,763.26,0.08251979,"sell"
1466407713,20039406,763.18,4.40402722,"sell"
1466407713,20039408,763.26,0.59528258,"sell"
1466407717,20039416,763.18,0.039087,"sell"
1466407719,20039420,763.19,0.09431314,"sell"
1466407721,20039434,763.19,0.09436865,"sell"
1466407735,20039456,763.22,0.07078863,"sell"
1466407750,20039460,763.43,0.19062407,"buy"
1466407750,20039464,763.43,0.02486324,"buy"
1466407751,20039472,763.43,0.0859918,"buy"
1466407751,20039476,763.43,0.01121632,"buy"
1466407752,20039482,763.23,0.097952,"sell"
1466407753,20039486,763.42,0.01096416,"buy"
1466407753,20039488,763.41,0.01406581,"buy"
1466407753,20039490,763.42,0.0859918,"buy"
1466407753,20039492,763.42,0.00655852,"buy"
1466407755,20039512,763.41,0.01484648,"buy"
1466407759,20039546,763.4,0.01484648,"buy"
1466407778,20039572,763.24,1.27959663,"sell"
1466407779,20039576,762.32,2.13714,"sell"
1466407779,20039578,762.5,0.12,"sell"
1466407779,20039580,762.5,1.4,"sell"
1466407779,20039582,762.51,6.5524,"sell"
1466407781,20039584,762.32,0.1,"sell"
1466407788,20039594,761.9,0.1,"sell"
1466407796,20039600,761.94,0.02,"sell"
1466407803,20039616,761.94,0.02,"sell"
1466407813,20039624,761.94,0.02,"sell"
1466407838,20039648,762.8,0.05447594,"buy"
1466407846,20039654,762.21,0.02,"sell"
1466407851,20039656,762.21,0.062416,"sell"
1466407851,20039658,762.02,0.4960648,"sell"
1466407889,20039668,762.17,0.02,"sell"
1466407898,20039678,762.2,1.1,"sell"
1466407904,20039680,762.21,0.02,"sell"
1466407910,20039682,762.21,0.02,"sell"
1466407912,20039684,762.21,0.1189473,"sell"
1466407912,20039686,762.18,0.5,"sell"
1466407912,20039688,762.18,0.5810527,"sell"
1466407916,20039690,762.2,0.02,"sell"
1466407923,20039696,762.88,0.04543804,"buy"
1466407923,20039698,762.29,0.01,"buy"
1466407926,20039700,762.22,0.02,"sell"
1466407930,20039702,762.25,0.01,"buy"
1466407932,20039704,762.3,0.02,"sell"
1466407938,20039710,762.33,0.02,"sell"
1466407958,20039716,762.47,0.02,"sell"
1466407964,20039718,762.51,0.01,"sell"
1466407972,20039720,762.56,0.02,"sell"
1466407977,20039722,762.7,0.01,"sell"
1466407999,20039724,762.76,0.02,"sell"
1466408013,20039730,762.99,0.302,"buy"
1466408013,20039732,763,10.16948096,"buy"
1466408013,20039734,762.98,0.202,"buy"
1466408013,20039736,762.98,0.202,"buy"
1466408073,20039784,762.99,5,"sell"
1466408081,20039788,762.99,0.02,"sell"
1466408086,20039790,763,1,"buy"
1466408103,20039834,762.99,0.054473,"sell"
1466408107,20039842,762.99,0.01,"sell"
1466408132,20039890,762.99,0.02,"sell"
1466408144,20039898,762.99,0.02,"sell"
1466408171,20039928,762.99,0.02,"sell"
1466408179,20039930,762.99,0.02,"sell"
1466408203,20039934,762.99,0.011,"sell"
1466408205,20039936,763,0.31,"buy"
1466408234,20040054,762.99,0.02,"sell"
1466408237,20040066,763,5.28610609,"buy"
1466408238,20040084,763,0.1377528,"buy"
1466408238,20040086,763,0.01211655,"buy"
1466408241,20040092,763,0.97263208,"buy"
1466408242,20040098,763,5.19036745,"buy"
1466408243,20040102,763,20.85703236,"buy"
1466408244,20040126,763,3.68603694,"buy"
1466408244,20040130,763,2.82584163,"buy"
1466408246,20040138,763,0.16481952,"buy"
1466408248,20040150,763,1.14534333,"buy"
1466408249,20040158,763,0.31027026,"buy"
1466408249,20040160,763,0.01213851,"buy"
1466408250,20040162,763,3.23686324,"buy"
1466408251,20040166,763,0.31027026,"buy"
1466408252,20040170,762.99,0.016,"sell"
1466408271,20040180,762.99,0.74315605,"sell"
1466408273,20040186,763,7,"buy"
1466408331,20040222,763,0.01,"buy"
1466408390,20040240,762.99,34.76397461,"sell"
1466408415,20040246,762.99,0.07,"sell"
1466408427,20040252,762.99,0.02,"sell"
1466408430,20040254,762.99,0.26351636,"sell"
1466408475,20040262,763,2.29765433,"buy"
1466408475,20040268,763,0.7047218,"buy"
1466408476,20040272,763,1.32511089,"buy"
1466408478,20040276,763,20.1284,"buy"
1466408478,20040278,763,0.09263283,"buy"
1466408484,20040284,763,12.81440817,"buy"
1466408484,20040286,763,0.7,"buy"
1466408491,20040288,763,0.02,"sell"
1466408504,20040304,763.01,0.03988168,"buy"
1466408514,20040320,763.01,0.04865568,"buy"
1466408515,20040322,763.01,0.01376,"buy"
1466408516,20040330,763.1,2.3,"buy"
1466408515,20040332,763.01,0.22771728,"buy"
1466408516,20040334,763.01,0.66998536,"buy"
1466408520,20040352,763.15,0.10723477,"buy"
1466408522,20040358,763.15,0.10723477,"buy"
1466408529,20040368,763.15,0.01475031,"buy"
1466408530,20040380,763.15,0.19252325,"buy"
1466408554,20040392,763.14,0.02,"sell"
1466408555,20040394,763.15,0.03576497,"buy"
1466408560,20040396,763.14,0.017,"sell"
1466408566,20040398,763.14,0.02,"sell"
1466408577,20040466,763.14,0.02,"sell"
1466408582,20040486,763.14,0.24,"sell"
1466408583,20040488,763.15,1,"buy"
1466408584,20040490,763.14,0.24,"sell"
1466408586,20040496,763.15,0.11210237,"buy"
1466408588,20040502,763.15,0.05118105,"buy"
1466408619,20040508,763.14,0.24,"sell"
1466408674,20040522,763.14,0.24,"sell"
1466408732,20040546,763.14,0.05878009,"sell"
1466408732,20040548,763.14,0.02,"sell"
1466408747,20040554,763.15,1.3,"buy"
1466408873,20040572,763.15,0.70896069,"buy"
1466409000,20040616,763.14,0.01,"sell"
1466409004,20040632,763.14,0.40545665,"sell"
1466409009,20040674,763.14,0.19575545,"sell"
1466409015,20040680,763.14,0.04861064,"sell"
1466409055,20040702,763.14,0.02,"sell"
1466409105,20040722,763.14,0.02,"sell"
1466409184,20040736,763.14,0.01,"sell"
1466409188,20040758,763.15,3.21,"buy"
1466409206,20040788,763.15,0.3,"buy"
1466409252,20040798,763.14,0.2525,"sell"
1466409252,20040800,763.14,0.7475,"sell"
1466409361,20040832,763.15,0.06078,"buy"
1466409363,20040834,763.15,1.8,"buy"
1466409400,20040882,763.15,1.3128,"buy"
1466409440,20040894,763.13,0.1,"sell"
1466409598,20041034,763.14,2.08570684,"sell"
1466409615,20041042,763.14,0.057853,"sell"
1466409620,20041048,763.14,0.118297,"sell"
1466409631,20041070,763.14,0.29129742,"sell"
1466409661,20041104,763.15,0.12690081,"buy"
1466409712,20041164,763.14,0.04611036,"buy"
1466409717,20041166,763.13,0.035041,"sell"
1466409728,20041174,763.14,0.14711586,"buy"
1466409730,20041190,763.14,0.0176327,"buy"
1466409730,20041194,763.14,0.14711586,"buy"
1466409733,20041224,763.14,0.07061548,"buy"
1466409736,20041240,763.14,0.1175201,"buy"
1466409740,20041248,763.15,0.5004185,"buy"
1466409752,20041292,763.15,0.28572782,"buy"
1466409756,20041296,763.13,0.04,"sell"
1466409784,20041298,763.14,0.01,"buy"
1466409817,20041304,763.13,0.075885,"sell"
1466409826,20041306,763.12,1.08220852,"sell"
1466409826,20041308,763.13,0.26301597,"sell"
1466409839,20041310,763.12,0.2,"sell"
1466409846,20041312,763.13,0.1,"sell"
1466409916,20041354,763.13,0.03534,"sell"
1466409924,20041356,763.12,0.14627464,"sell"
1466409924,20041358,763.13,0.00385436,"sell"
1466409981,20041364,763.14,1.71,"buy"
1466410063,20041382,763.13,0.026236,"sell"
1466410108,20041388,763.12,0.55151684,"sell"
1466410108,20041390,763.13,0.03211861,"sell"
1466410109,20041392,763,0.72650695,"buy"
1466410177,20041434,762.25,0.37951939,"sell"
1466410177,20041436,762.32,0.02,"sell"
1466410178,20041442,762.33,0.024543,"sell"
1466410181,20041448,762.28,0.01162384,"sell"
1466410327,20041462,762.64,6,"sell"
1466410327,20041464,762.64,0.5,"sell"
1466410327,20041466,762.63,0.01,"sell"
1466410327,20041468,762.64,3,"sell"
1466410327,20041470,762.65,6.5336,"sell"
1466410327,20041472,762.6,1.16,"sell"
1466410334,20041480,762.2,0.29561259,"sell"
1466410347,20041486,762.18,0.95104296,"sell"
1466410347,20041488,762.18,3,"sell"
1466410426,20041492,762.54,0.14284316,"sell"
1466410450,20041502,762.61,0.1946,"sell"
1466410450,20041506,762.97,0.02,"buy"
1466410530,20041546,762.97,0.5,"buy"
1466410530,20041548,762.98,3,"buy"
1466410573,20041556,762.5,0.146908,"sell"
1466410589,20041560,762.5,0.2,"sell"
1466410594,20041562,762.7,0.018,"buy"
1466410635,20041566,762.5,0.153092,"sell"
1466410635,20041568,762.32,1.5272508,"sell"
1466410671,20041570,762.59,0.038148,"sell"
1466410674,20041572,762.7,0.025,"buy"
1466410676,20041574,762.62,0.320086,"sell"
1466410679,20041576,762.7,0.025,"buy"
1466410688,20041582,762.7,0.02,"buy"
1466410728,20041602,762.67,0.03644083,"sell"
1466410728,20041604,762.69,0.02,"sell"
1466410728,20041610,762.67,0.019994,"sell"
1466410742,20041612,762.7,0.012,"buy"
1466410762,20041624,762.83,0.47,"sell"
1466410762,20041626,762.89,0.13,"sell"
1466410826,20041656,763,0.6898576,"buy"
1466410826,20041658,763,24.0101424,"buy"
1466410847,20041660,763,4.9898576,"buy"
1466410851,20041662,763.14,0.54951014,"buy"
1466410851,20041664,763.14,2.78,"buy"
1466410892,20041666,763.15,13.77362069,"buy"
1466410892,20041668,763.15,2.59017931,"buy"
1466410892,20041670,764,0.1,"buy"
1466410892,20041672,763.22,1,"buy"
1466410892,20041674,763.15,12.40982069,"buy"
1466410892,20041676,763.98,0.018075,"buy"
1466410892,20041678,763.99,1.27959663,"buy"
1466410892,20041680,763.25,0.192,"buy"
1466410892,20041682,764,28.73701932,"buy"
1466410892,20041684,763.25,0.136,"buy"
1466410892,20041686,764,0.01,"buy"
1466410899,20041696,764.01,0.0608,"sell"
1466410914,20041698,764.08,1.097,"buy"
1466410914,20041700,764.08,0.403,"buy"
1466410933,20041702,764.1,0.25,"buy"
1466410960,20041704,764.1,0.25,"buy"
1466410964,20041706,764.09,0.02,"sell"
1466410975,20041708,764.09,0.036067,"sell"
1466410983,20041710,764.1,0.2,"buy"
1466411008,20041712,764.1,0.25,"buy"
1466411009,20041714,764.1,0.065591,"sell"
1466411103,20041724,764.92,0.5,"buy"
1466411103,20041726,764.97,0.151,"buy"
1466411103,20041728,764.92,3,"buy"
1466411103,20041730,764.92,6,"buy"
1466411103,20041732,765,0.01,"buy"
1466411103,20041734,765,10.85373,"buy"
1466411103,20041736,764.91,8.7263,"buy"
1466411103,20041738,764.99,2.224,"buy"
1466411103,20041740,765,1,"buy"
1466411103,20041742,765,0.1,"buy"
1466411103,20041744,765,0.1,"buy"
1466411103,20041746,764.99,2.012,"buy"
1466411103,20041748,765,2.5,"buy"
1466411103,20041750,765,0.02,"buy"
1466411103,20041752,765,0.3003923,"buy"
1466411103,20041754,765.02,9.4097,"buy"
1466411103,20041756,765.16,5,"buy"
1466411103,20041758,765.3,2.5,"buy"
1466411103,20041760,765.64,12.5645,"buy"
1466411103,20041762,765.1,0.0255354,"buy"
1466411103,20041764,765.35,10.6361,"buy"
1466411103,20041766,765.63,2.118,"buy"
1466411103,20041768,765.54,0.01744076,"buy"
1466411103,20041770,766,0.01,"buy"
1466411103,20041772,766,0.0817362,"buy"
1466411103,20041774,765.8,0.1,"buy"
1466411103,20041776,765.99,10,"buy"
1466411107,20041778,766.12,0.1,"buy"
1466411107,20041780,766.15,0.1,"buy"
1466411107,20041782,766.15,1,"buy"
1466411107,20041784,766.15,0.9,"buy"
1466411107,20041786,766.15,4,"buy"
1466411113,20041788,766.15,8.4823,"buy"
1466411113,20041790,766.01,0.42668689,"buy"
1466411113,20041792,766.31,7.76525986,"buy"
1466411113,20041794,766.31,4.32575325,"buy"
1466411130,20041796,766.01,0.01473,"sell"
1466411134,20041798,766.01,0.98527,"buy"
1466411152,20041834,766.03,0.913,"buy"
1466411152,20041836,766.38,8.6473,"buy"
1466411152,20041838,766.3,10.0451,"buy"
1466411152,20041840,766.32,0.125,"buy"
1466411152,20041842,766.03,0.826,"buy"
1466411152,20041844,766.04,0.08,"buy"
1466411152,20041846,766.25,0.04,"buy"
1466411152,20041848,766.36,0.33,"buy"
1466411159,20041852,766.05,0.02963284,"sell"
1466411159,20041858,766.53,0.114964,"buy"
1466411159,20041860,766.65,0.03203247,"buy"
1466411159,20041862,766.53,0.0817183,"buy"
1466411159,20041864,766.66,0.92128523,"buy"
1466411159,20041866,766.65,0.1,"buy"
1466411165,20041882,766.51,0.03,"buy"
1466411166,20041888,766.07,0.1583561,"sell"
1466411167,20041900,766.07,0.09480483,"sell"
1466411167,20041908,766.07,0.01063353,"sell"
1466411167,20041910,766.07,0.08152374,"sell"
1466411168,20041914,766.07,1.198518,"sell"
1466411169,20041918,766.08,0.28145193,"sell"
1466411169,20041920,766.58,0.29045367,"buy"
1466411169,20041922,766.5,0.0817693,"buy"
1466411169,20041924,766.51,0.18187703,"buy"
1466411182,20041938,766.12,1.11910974,"sell"
1466411195,20041946,766.03,0.02000316,"sell"
1466411213,20041950,766.35,0.8276911,"sell"
1466411239,20041952,766.42,0.5,"sell"
1466411247,20041954,766.36,0.21,"sell"
1466411247,20041956,766.14,5.47,"sell"
1466411255,20041958,766.38,6.5122,"sell"
1466411255,20041960,766.1,4.5178,"sell"
1466411255,20041962,766.37,3.01,"sell"
1466411260,20041964,766.68,0.029,"buy"
1466411260,20041966,766.69,0.01,"buy"
1466411260,20041968,766.7,0.0025,"buy"
1466411266,20041970,766.1,2,"sell"
1466411272,20041972,766.99,6,"buy"
1466411272,20041974,766.7,0.0975,"buy"
1466411272,20041976,766.89,0.5,"buy"
1466411272,20041978,766.98,3,"buy"
1466411272,20041980,767,5,"buy"
1466411272,20041982,767,0.01,"buy"
1466411272,20041984,767,0.25,"buy"
1466411272,20041986,766.9,3,"buy"
1466411272,20041988,767,2.1425,"buy"
1466411274,20041990,767,20,"buy"
1466411276,20041992,767,0.8575,"buy"
1466411277,20041994,767,0.3404195,"sell"
1466411297,20041998,767.72,0.02,"buy"
1466411297,20042000,767.46,0.555,"buy"
1466411297,20042002,767.46,9.7848,"buy"
1466411297,20042004,767.64,4.31797055,"buy"
1466411297,20042006,767.47,10.7323,"buy"
1466411297,20042008,767.77,10.86818417,"buy"
1466411297,20042010,767.13,9.9439,"buy"
1466411297,20042012,767.72,4.31882528,"buy"
1466411297,20042014,767.57,2.45,"buy"
1466411297,20042016,767.01,4.00902,"buy"
1466411297,20042018,767.7,18,"buy"
1466411319,20042020,767.12,0.41394247,"sell"
1466411319,20042022,767.12,0.03,"sell"
1466411360,20042026,767.69,0.2953,"buy"
1466411375,20042028,767.7,1.69,"buy"
1466411375,20042030,767.69,0.31,"buy"
1466411380,20042032,767.7,0.01671567,"sell"
1466411396,20042034,766.75,0.1,"sell"
1466411412,20042038,767.01,0.04050291,"sell"
1466411413,20042040,767.01,2.80187962,"sell"
1466411415,20042042,767,0.025,"sell"
1466411431,20042046,767.01,0.02,"sell"
1466411437,20042048,767,1.975,"sell"
1466411437,20042050,766.53,5,"sell"
1466411437,20042052,765.77,6.2339,"sell"
1466411437,20042054,766.03,5,"sell"
1466411437,20042056,767.01,6.4911,"sell"
1466411441,20042058,767.07,0.025,"buy"
1466411442,20042060,765.43,0.1,"sell"
1466411442,20042062,765.43,0.1,"sell"
1466411442,20042064,765.43,0.1,"sell"
1466411501,20042072,766.02,0.52459291,"sell"
1466411524,20042076,766.02,0.207349,"sell"
1466411529,20042084,766.34,2.16,"buy"
1466411529,20042086,766.06,0.01,"buy"
1466411529,20042088,766.15,0.33,"buy"
1466411536,20042096,766.02,0.044109,"sell"
1466411537,20042102,766.02,0.14798299,"sell"
1466411537,20042104,766.02,0.512201,"sell"
1466411539,20042114,766.02,0.189062,"sell"
1466411603,20042124,766.02,0.0363711,"sell"
1466411605,20042138,766.02,0.03209962,"sell"
1466411609,20042140,766.02,0.03209962,"sell"
1466411658,20042190,766.02,0.107953,"sell"
1466411662,20042200,766.02,0.01103276,"sell"
1466411668,20042206,766.02,0.06273382,"sell"
1466411686,20042222,766.01,0.02204917,"sell"
1466411704,20042240,766.01,0.564962,"sell"
1466411709,20042244,766.01,0.02,"sell"
1466411711,20042248,766.01,4.146341,"sell"
1466411711,20042252,766.01,1.74084783,"sell"
1466411714,20042260,766,0.01470002,"sell"
1466411720,20042274,766,0.064849,"sell"
1466411720,20042280,766,0.06306123,"sell"
1466411726,20042292,766,0.01106023,"sell"
1466411745,20042310,766,0.01460474,"sell"
1466411745,20042312,766.3,4.146341,"buy"
1466411745,20042314,766.01,0.01,"buy"
1466411745,20042316,766.3,8.8967,"buy"
1466411745,20042318,766.31,6.4983,"buy"
1466411745,20042320,766.38,5.418659,"buy"
1466411745,20042322,766.31,0.03,"buy"
1466411747,20042356,766.51,9.373659,"buy"
1466411747,20042358,766.28,10.5225,"buy"
1466411747,20042360,766.38,5.103841,"buy"
1466411785,20042412,766.29,0.01,"buy"
1466411785,20042414,766.3,0.00465984,"buy"
1466411800,20042422,766,1.975,"sell"
1466411800,20042424,766.18,0.025,"sell"
1466411806,20042434,766.01,0.121594,"sell"
1466411815,20042456,766.01,0.289518,"sell"
1466411820,20042480,766.01,0.290348,"sell"
1466411825,20042488,766.01,0.057512,"sell"
1466411838,20042518,766,0.059265,"sell"
1466411850,20042530,766,0.27524695,"sell"
1466411891,20042560,766,5.38240366,"sell"
1466411897,20042580,766,0.02,"sell"
1466411935,20042590,766,0.021539,"sell"
1466411947,20042618,766.12,0.29335127,"sell"
1466411957,20042624,766.12,0.05601093,"sell"
1466411959,20042626,766.13,0.0958,"buy"
1466411966,20042628,766.12,0.039396,"sell"
1466411975,20042632,766.12,2.5,"sell"
