"timestamp","tid","price","amount","type"
1466332395,19931150,750.12,5.288e-05,"sell"
1466332397,19931154,749.99,0.02613294,"sell"
1466332423,19931190,750,0.23370496,"sell"
1466332444,19931202,750.02,0.05255261,"buy"
1466332446,19931204,750,0.085398,"sell"
1466332464,19931220,750,0.23301526,"sell"
1466332467,19931224,750,0.01664062,"sell"
1466332471,19931236,749.99,0.23301526,"sell"
1466332472,19931244,749.99,0.22962046,"sell"
1466332474,19931254,749.99,0.23302464,"sell"
1466332476,19931262,749.99,0.234991,"sell"
1466332478,19931290,749.99,0.35982367,"sell"
1466332478,19931292,749.99,1.33755733,"sell"
1466332480,19931308,749.99,0.23187026,"sell"
1466332480,19931310,749.99,0.23194559,"sell"
1466332481,19931318,749.99,0.02175634,"sell"
1466332481,19931320,749.99,0.23194559,"sell"
1466332483,19931322,749.99,0.03382152,"sell"
1466332484,19931326,749.99,0.23187026,"sell"
1466332486,19931332,750,0.4996,"buy"
1466332491,19931342,749.99,0.03483076,"sell"
1466332492,19931350,749.99,0.17214134,"sell"
1466332494,19931358,749.99,0.06323085,"sell"
1466332495,19931364,749.99,0.12176659,"sell"
1466332501,19931376,749.99,0.575,"sell"
1466332502,19931378,749.99,0.03,"sell"
1466332506,19931396,749.99,0.23189046,"sell"
1466332508,19931416,749.99,0.23249495,"sell"
1466332509,19931424,749.99,0.23249495,"sell"
1466332520,19931476,749.99,0.98538321,"sell"
1466332520,19931478,749.7,0.01461679,"sell"
1466332529,19931496,749.71,0.024523,"buy"
1466332529,19931500,749.71,0.20718561,"sell"
1466332529,19931502,749.63,0.001791,"sell"
1466332529,19931504,749.7,0.11038321,"sell"
1466332535,19931516,749.72,0.020381,"buy"
1466332535,19931518,749.99,0.15464374,"buy"
1466332535,19931520,750,0.47388675,"buy"
1466332537,19931522,749.52,0.23263663,"sell"
1466332546,19931526,749.99,0.15464374,"buy"
1466332547,19931528,749.99,0.06930065,"sell"
1466332563,19931554,750,0.01970475,"buy"
1466332594,19931610,750,2.5,"buy"
1466332593,19931612,750,0.02385646,"buy"
1466332608,19931650,750,0.2,"buy"
1466332633,19931726,749.99,0.02184846,"sell"
1466332634,19931746,750,7.3,"buy"
1466332642,19931748,749.99,0.22994105,"sell"
1466332642,19931750,749.99,0.010947,"sell"
1466332642,19931768,749.99,0.0166936,"sell"
1466332642,19931770,749.99,0.028434,"sell"
1466332644,19931786,749.99,0.321308,"sell"
1466332660,19931826,749.99,0.03378378,"sell"
1466332662,19931834,749.99,0.010006,"sell"
1466332663,19931852,749.99,1.10862251,"sell"
1466332663,19931856,749.99,0.22883868,"sell"
1466332663,19931860,749.99,0.22925133,"sell"
1466332664,19931862,749.99,0.02263514,"sell"
1466332665,19931870,749.99,0.01001116,"sell"
1466332681,19931904,749.99,2.5037349,"sell"
1466332681,19931906,749.99,0.4962651,"sell"
1466332693,19931910,750,5,"buy"
1466332711,19931918,750,0.178134,"buy"
1466332713,19931920,750,1,"buy"
1466332743,19931992,750,0.06389491,"buy"
1466332753,19932002,749.99,0.061819,"sell"
1466332758,19932006,750,0.2,"buy"
1466332776,19932014,750,4,"buy"
1466332779,19932018,749.99,0.059451,"sell"
1466332821,19932066,749.99,0.22951172,"sell"
1466332835,19932072,749.99,0.245,"sell"
1466332836,19932078,750,0.4,"buy"
1466332836,19932080,749.99,0.22952743,"sell"
1466332840,19932084,749.99,0.2,"sell"
1466332846,19932086,749.99,0.19921617,"sell"
1466332848,19932106,749.99,0.19921617,"sell"
1466332849,19932110,749.99,0.19921617,"sell"
1466332850,19932112,750,0.01,"buy"
1466332856,19932128,750,0.01,"buy"
1466332857,19932130,750,3.5,"buy"
1466332859,19932142,749.99,0.02720961,"sell"
1466332859,19932146,749.99,0.02720961,"sell"
1466332861,19932148,750,0.01,"buy"
1466332862,19932150,750,0.05,"buy"
1466332864,19932152,750,0.29498851,"buy"
1466332877,19932162,750,0.01,"buy"
1466332882,19932184,749.99,0.571651,"sell"
1466332882,19932186,749.99,1.1,"sell"
1466332882,19932190,749.99,0.02016737,"sell"
1466332882,19932192,749.99,0.2,"sell"
1466332883,19932198,749.99,0.31900054,"sell"
1466332885,19932202,749.99,0.01001553,"sell"
1466332904,19932244,749.99,0.15793213,"sell"
1466332925,19932266,749.99,0.04054068,"sell"
1466332947,19932294,749.99,0.23192025,"sell"
1466332949,19932300,749.99,0.22961103,"sell"
1466332951,19932302,749.99,0.2,"sell"
1466332965,19932314,750,0.199556,"buy"
1466332982,19932326,749.99,0.27,"sell"
1466333003,19932356,749.99,0.2,"sell"
1466333010,19932360,749.99,0.02814436,"sell"
1466333015,19932370,749.99,0.2,"sell"
1466333028,19932400,749.99,0.06784508,"sell"
1466333034,19932420,749.99,0.23300623,"sell"
1466333053,19932484,749.99,0.2,"sell"
1466333054,19932486,750,0.21,"buy"
1466333128,19932606,749.99,0.26788,"sell"
1466333139,19932612,750,0.03,"buy"
1466333163,19932614,750,0.02101806,"buy"
1466333176,19932622,750,0.0528,"buy"
1466333214,19932626,750,0.239005,"buy"
1466333245,19932650,749.99,0.26788,"sell"
1466333299,19932674,749.99,0.08502073,"sell"
1466333301,19932688,749.99,0.071551,"sell"
1466333301,19932692,749.99,0.08502073,"sell"
1466333302,19932708,749.99,0.07144365,"sell"
1466333303,19932714,749.99,0.019464,"sell"
1466333343,19932778,750,0.29498851,"buy"
1466333373,19932780,749.99,0.29402557,"sell"
1466333384,19932782,749.99,0.09,"sell"
1466333391,19932784,749.99,0.0258,"sell"
1466333396,19932786,749.99,0.01,"sell"
1466333416,19932794,749.99,0.0155,"sell"
1466333435,19932798,749.99,0.51658012,"sell"
1466333435,19932800,749.99,0.04911988,"sell"
1466333435,19932802,749.99,1.3333,"sell"
1466333435,19932804,749.99,2.1,"sell"
1466333441,19932806,750,5,"buy"
1466333458,19932818,750,0.25,"buy"
1466333472,19932826,750,0.546693,"buy"
1466333487,19932846,749.99,1.31705471,"buy"
1466333509,19932924,749.99,0.4129781,"sell"
1466333524,19932940,749.99,0.23260129,"sell"
1466333538,19932944,750,0.00713464,"buy"
1466333551,19932946,749.99,3.0373659,"sell"
1466333551,19932948,749.99,3.6020855,"sell"
1466333572,19932962,749.99,0.18653789,"buy"
1466333582,19932972,749.99,0.02148313,"sell"
1466333601,19932992,750,0.08425722,"buy"
1466333601,19932994,750.1,3.6020855,"buy"
1466333601,19932996,751,0.0526944,"buy"
1466333601,19932998,750,9.07809879,"buy"
1466333601,19933000,750.2,0.125,"buy"
1466333601,19933002,750.8,0.125,"buy"
1466333601,19933004,751.1,0.60786409,"buy"
1466333601,19933006,750.1,0.125,"buy"
1466333601,19933008,750.67,0.2,"buy"
1466333609,19933010,751.07,0.08425722,"buy"
1466333609,19933012,751.08,0.11574278,"buy"
1466333609,19933014,751.08,0.2,"buy"
1466333706,19933066,750.95,0.0527,"buy"
1466333709,19933068,751.09,0.142545,"buy"
1466333712,19933070,751.09,0.0257,"buy"
1466333714,19933072,751.08,0.452619,"buy"
1466333725,19933074,751.08,0.047381,"buy"
1466333725,19933076,751.09,0.154584,"buy"
1466333733,19933078,751.09,2.819716,"buy"
1466333733,19933080,751.08,0.5,"buy"
1466333733,19933082,751.1,1.380284,"buy"
1466333763,19933084,751.08,0.01574189,"buy"
1466333817,19933090,751,0.125,"sell"
1466333825,19933092,750.65,3,"sell"
1466333825,19933094,750.77,0.0527,"sell"
1466333825,19933096,750.64,3.6,"sell"
1466333825,19933098,750.55,2.101896,"sell"
1466333825,19933100,750.66,0.143404,"sell"
1466333825,19933102,750.77,0.427,"sell"
1466333825,19933104,751,0.675,"sell"
1466333827,19933106,751.08,0.2,"buy"
1466333827,19933108,751.08,6.92,"buy"
1466333827,19933110,751.1,1.88,"buy"
1466333889,19933114,751,0.02,"buy"
1466333889,19933116,751.1,0.08,"buy"
1466333936,19933126,751.09,0.300003,"sell"
1466333937,19933128,751.09,0.2,"buy"
1466333962,19933144,751.09,0.00713168,"buy"
1466333969,19933146,751.9,0.0525946,"buy"
1466333969,19933148,751.31,0.1,"buy"
1466333969,19933150,752,0.125,"buy"
1466333969,19933152,751.77,0.02,"buy"
1466333969,19933154,752.24,2.85,"buy"
1466333969,19933156,751.1,2.57268488,"buy"
1466333969,19933158,752.3,2.15295519,"buy"
1466333977,19933160,753.14,0.17621219,"buy"
1466333977,19933162,752.3,0.34704481,"buy"
1466334018,19933174,752.68,0.0932836,"sell"
1466334019,19933176,753,0.01,"buy"
1466334019,19933178,753.96,0.1,"buy"
1466334024,19933182,754,0.1,"buy"
1466334026,19933184,754,0.09,"buy"
1466334026,19933186,754,0.01,"buy"
1466334028,19933188,754,0.1,"buy"
1466334031,19933190,753.99,0.1,"buy"
1466334034,19933210,754.41,2.8217,"buy"
1466334034,19933212,753.99,0.1483,"buy"
1466334034,19933214,754.4,0.02,"buy"
1466334034,19933216,754.01,1,"buy"
1466334034,19933218,754,0.01,"buy"
1466334044,19933220,753.04,0.5,"sell"
1466334044,19933222,753.04,0.261061,"sell"
1466334044,19933224,752.72,1.496939,"sell"
1466334044,19933226,753.03,0.99,"sell"
1466334044,19933228,753.04,0.426,"sell"
1466334044,19933230,753.05,0.326,"sell"
1466334048,19933232,754.07,0.4875,"buy"
1466334048,19933234,754.07,0.5,"buy"
1466334048,19933236,753.99,0.0125,"buy"
1466334054,19933238,754.36,0.5,"buy"
1466334054,19933240,754.37,3,"buy"
1466334054,19933242,754.37,0.5,"buy"
1466334063,19933270,753.52,0.16884461,"sell"
1466334063,19933282,754.36,0.14570841,"buy"
1466334063,19933286,754,0.125,"buy"
1466334064,19933288,753.52,0.08008939,"sell"
1466334064,19933290,752.94,0.49491061,"sell"
1466334064,19933292,753.51,0.5,"sell"
1466334064,19933294,753.5,2.5,"sell"
1466334064,19933296,753.06,0.425,"sell"
1466334065,19933300,752.95,0.16884461,"sell"
1466334067,19933302,754.69,8.5937,"buy"
1466334067,19933304,755,9.3674,"buy"
1466334067,19933306,754.34,8.6134,"buy"
1466334067,19933308,753.52,0.09832258,"buy"
1466334067,19933310,755.3,1.14484741,"buy"
1466334067,19933312,754.42,9.6912,"buy"
1466334067,19933314,754.42,1,"buy"
1466334067,19933316,754.72,2.29113001,"buy"
1466334067,19933318,754.83,3.59,"buy"
1466334067,19933320,754.73,3,"buy"
1466334067,19933322,755,0.01,"buy"
1466334067,19933324,755.23,0.1,"buy"
1466334067,19933326,754.8,2.5,"buy"
1466334070,19933328,754.41,5,"buy"
1466334071,19933330,754.41,20.0798,"buy"
1466334071,19933332,755.57,9.9611,"buy"
1466334071,19933334,755.56,0.05024262,"buy"
1466334071,19933336,755.29,1.996,"buy"
1466334071,19933338,754.4,5,"buy"
1466334072,19933360,756.22,4.2036,"buy"
1466334072,19933362,755.92,10.4501,"buy"
1466334072,19933364,756,7.6363,"buy"
1466334072,19933366,756,0.01,"buy"
1466334072,19933368,756,0.7,"buy"
1466334075,19933370,756.25,1,"buy"
1466334079,19933372,756.25,0.3882919,"buy"
1466334079,19933374,756.24,0.0117081,"buy"
1466334079,19933376,756.25,0.09,"buy"
1466334079,19933380,756.25,0.02,"buy"
1466334082,19933386,756.2,0.01,"buy"
1466334082,19933388,755.03,0.07040933,"sell"
1466334084,19933396,756.21,0.01,"buy"
1466334090,19933404,756.24,3.5514,"buy"
1466334094,19933408,756.24,4,"buy"
1466334095,19933410,756.5,1,"buy"
1466334095,19933412,756.78,0.01509266,"buy"
1466334095,19933414,756.6,0.011,"buy"
1466334095,19933416,756.25,0.9117081,"buy"
1466334095,19933420,756.48,0.06219924,"buy"
1466334096,19933424,756.78,0.18686253,"buy"
1466334096,19933426,756.88,0.01313747,"buy"
1466334100,19933428,756.88,0.2,"buy"
1466334104,19933430,757,1,"buy"
1466334104,19933432,757.04,0.02,"buy"
1466334104,19933434,757.92,4.77060277,"buy"
1466334104,19933436,756.88,0.78686253,"buy"
1466334104,19933438,757,1,"buy"
1466334104,19933440,757,0.01,"buy"
1466334104,19933442,757.5,1,"buy"
1466334104,19933444,757.9,0.01445852,"buy"
1466334104,19933446,756.95,0.26558986,"buy"
1466334104,19933448,757.81,0.13248632,"buy"
1466334104,19933450,757,1,"buy"
1466334107,19933460,757.93,0.5,"buy"
1466334108,19933462,757.93,0.05,"buy"
1466334108,19933466,757.92,0.26923744,"sell"
1466334111,19933470,757.92,0.125,"sell"
1466334113,19933472,758,1.2,"buy"
1466334113,19933474,757.93,42.33,"buy"
1466334113,19933476,758,0.01,"buy"
1466334113,19933478,758,1,"buy"
1466334113,19933480,757.94,3,"buy"
1466334114,19933482,757.92,3.43,"sell"
1466334114,19933484,758,2.46,"sell"
1466334116,19933486,758.15,1.23,"sell"
1466334119,19933488,758.15,1.34,"sell"
1466334119,19933490,759,0.01,"buy"
1466334119,19933492,758.39,0.01324579,"buy"
1466334119,19933494,758.16,0.1,"buy"
1466334119,19933496,759,1,"buy"
1466334119,19933498,759.13,1,"buy"
1466334119,19933500,758.47,1,"buy"
1466334119,19933502,758.4,0.02742282,"buy"
1466334119,19933504,758.16,0.1,"buy"
1466334119,19933506,758.5,1,"buy"
1466334119,19933508,758.4,0.08685546,"buy"
1466334119,19933510,758.51,0.13856113,"buy"
1466334119,19933512,759,0.3,"buy"
1466334119,19933514,759,2,"buy"
1466334119,19933516,759.26,1.72069114,"buy"
1466334120,19933518,758.15,4,"sell"
1466334124,19933524,758.17,0.37,"sell"
1466334126,19933536,759.05,0.05,"buy"
1466334127,19933538,758.17,0.5,"sell"
1466334127,19933540,758.18,0.1,"sell"
1466334127,19933544,758.18,0.01327352,"sell"
1466334130,19933550,759.04,0.01327352,"sell"
1466334131,19933564,759.04,0.24843446,"sell"
1466334134,19933568,759.04,0.15427641,"sell"
1466334135,19933580,759.04,0.0148554,"sell"
1466334135,19933582,759.41,8.8752,"buy"
1466334135,19933584,759.59,1,"buy"
1466334135,19933586,759.29,25,"buy"
1466334135,19933588,759.27,0.5,"buy"
1466334135,19933590,759.05,15.914,"buy"
1466334135,19933592,759.28,7.8984,"buy"
1466334135,19933594,759.05,0.01630522,"buy"
1466334135,19933596,759.29,2,"buy"
1466334135,19933598,759.5,2,"buy"
1466334135,19933600,759.72,11.907,"buy"
1466334135,19933602,759.49,1,"buy"
1466334135,19933604,759.5,1,"buy"
1466334135,19933606,759.89,10,"buy"
1466334135,19933608,760,0.1,"buy"
1466334135,19933610,760,5,"buy"
1466334135,19933612,760,6.77255419,"buy"
1466334135,19933614,760,0.3,"buy"
1466334135,19933618,760,0.70654059,"buy"
1466334135,19933620,760,0.01,"buy"
1466334138,19933624,759.71,1.07913327,"buy"
1466334143,19933628,759.06,0.07977126,"sell"
1466334144,19933634,759.27,14.06684148,"sell"
1466334145,19933638,759.27,0.06315528,"buy"
1466334145,19933640,759.7,6.4141862,"buy"
1466334145,19933642,759.25,5.93315852,"buy"
1466334145,19933644,759.07,0.07977022,"sell"
1466334148,19933646,759.53,0.07977022,"buy"
1466334149,19933652,759.65,0.06315528,"sell"
1466334150,19933654,759.65,0.19,"sell"
1466334151,19933656,759.65,0.04581114,"sell"
1466334153,19933658,759.99,0.06513948,"buy"
1466334154,19933660,759.66,0.29576965,"sell"
1466334168,19933692,759.93,0.125,"sell"
1466334170,19933696,759.98,1.9647,"buy"
1466334170,19933698,759.96,5,"buy"
1466334170,19933700,759.99,0.20215519,"buy"
1466334170,19933702,760,0.29345941,"buy"
1466334170,19933704,760,2,"buy"
1466334170,19933706,760,0.5396854,"buy"
1466334174,19933708,760,0.2,"buy"
1466334174,19933710,760,8.9603146,"buy"
1466334174,19933712,760,0.8140854,"buy"
1466334174,19933714,760,0.0256,"buy"
1466334175,19933716,760,1.1859146,"buy"
1466334175,19933718,760.14,3.8140854,"buy"
1466334175,19933720,759.96,1.6419,"sell"
1466334178,19933724,760.47,1,"buy"
1466334178,19933726,760.14,1.1859146,"buy"
1466334178,19933728,760.99,2.73142749,"buy"
1466334178,19933730,760.99,0.26857251,"buy"
1466334178,19933732,760.62,0.01551289,"buy"
1466334178,19933734,760.73,0.14,"buy"
1466334178,19933736,760.49,2.39,"buy"
1466334178,19933738,761,0.01,"buy"
1466334178,19933740,761,9.6746,"buy"
1466334178,19933742,760.99,6,"buy"
1466334178,19933744,761,0.4005,"buy"
1466334178,19933746,761.18,11.4805,"buy"
1466334178,19933748,761,2,"buy"
1466334178,19933750,761.29,25,"buy"
1466334178,19933752,761.91,1.64687251,"buy"
1466334178,19933754,761.52,12.0561,"buy"
1466334179,19933758,761.91,1.5,"buy"
1466334179,19933760,760.13,0.5,"buy"
1466334179,19933762,760.99,3,"buy"
1466334180,19933764,761.91,2.01312749,"buy"
1466334180,19933766,762,3.92280375,"buy"
1466334180,19933768,762,3.02719625,"buy"
1466334180,19933770,761.92,1.43910375,"buy"
1466334180,19933772,762.24,4.59559625,"buy"
1466334180,19933774,761.92,9.86719625,"buy"
1466334180,19933776,762,0.01,"buy"
1466334180,19933778,762.24,2.27280375,"buy"
1466334180,19933780,762,1.2,"buy"
1466334180,19933782,762.29,0.40440375,"buy"
1466334180,19933784,762,0.22719625,"buy"
1466334180,19933786,762,0.05,"buy"
1466334180,19933788,762,1.77280375,"buy"
1466334180,19933790,762.29,1.59569625,"buy"
1466334180,19933792,762.51,5.82317404,"buy"
1466334180,19933794,762.3,2.5,"buy"
1466334180,19933796,762.24,2.5,"buy"
1466334180,19933798,762.5,2.869,"buy"
1466334180,19933800,762.5,2.596,"buy"
1466334180,19933802,762.51,4.01682596,"buy"
1466334180,19933804,762.52,5.98317404,"buy"
1466334183,19933806,760.05,0.01,"sell"
1466334186,19933810,760.36,0.00100599,"sell"
1466334186,19933812,760.36,0.01,"sell"
1466334187,19933814,761.9,1.546,"buy"
1466334187,19933816,761.89,0.061,"buy"
1466334193,19933826,762.41,0.0887043,"buy"
1466334193,19933828,762.52,2,"buy"
1466334193,19933830,762.52,9.9112957,"buy"
1466334193,19933834,761.02,0.09278359,"sell"
1466334195,19933838,761.03,0.243717,"sell"
1466334196,19933842,762.41,0.01324778,"buy"
1466334196,19933844,762.42,3,"buy"
1466334196,19933846,762.41,0.5,"buy"
1466334196,19933848,762.52,1.48675222,"buy"
1466334198,19933850,762,0.16629608,"sell"
1466334199,19933852,762,0.16629608,"sell"
1466334199,19933856,762,0.03186148,"sell"
1466334200,19933858,762,1.33174632,"sell"
1466334200,19933862,761.32,0.99401,"buy"
1466334200,19933864,762,0.13566152,"buy"
1466334201,19933866,762.01,0.37995812,"sell"
1466334201,19933868,762.01,0.31814287,"sell"
1466334202,19933876,762.01,0.20981552,"sell"
1466334203,19933884,762.02,0.01384,"sell"
1466334205,19933886,762.03,0.22,"sell"
1466334208,19933896,762.52,40,"buy"
1466334209,19933898,762.04,0.16011213,"sell"
1466334211,19933902,762.09,0.28933573,"sell"
1466334214,19933904,763,0.2,"buy"
1466334214,19933906,763,0.01,"buy"
1466334214,19933908,764,0.25,"buy"
1466334214,19933910,762.99,0.08132782,"buy"
1466334214,19933912,762.52,41.07877804,"buy"
1466334214,19933914,764,3.7524058,"buy"
1466334214,19933916,764,0.01,"buy"
1466334214,19933918,763,0.5,"buy"
1466334214,19933920,763,0.5,"buy"
1466334214,19933922,763,0.3,"buy"
1466334214,19933924,763.98,0.06469682,"buy"
1466334214,19933926,763.29,25,"buy"
1466334214,19933928,764.06,8.3292,"buy"
1466334214,19933930,764,1.2,"buy"
1466334214,19933932,764.35,8.61,"buy"
1466334214,19933934,764.36,75,"buy"
1466334214,19933936,764.38,8.7506,"buy"
1466334214,19933938,764.94,3,"buy"
1466334214,19933940,764.52,0.25320799,"buy"
1466334214,19933942,764.75,1,"buy"
1466334214,19933944,764.67,8.5104,"buy"
1466334214,19933946,764.87,4.32955099,"buy"
1466334214,19933948,764.43,3,"buy"
1466334214,19933950,764.8,2.5,"buy"
1466334214,19933952,764.94,0.67381709,"buy"
1466334214,19933954,764.66,0.01340193,"buy"
1466334214,19933956,764.6,1,"buy"
1466334214,19933958,764.99,1.577,"buy"
1466334214,19933960,764.99,1.743,"buy"
1466334214,19933962,765,2.45,"buy"
1466334214,19933964,765,0.01,"buy"
1466334214,19933966,765.29,25,"buy"
1466334214,19933968,765,0.1,"buy"
1466334214,19933970,765,10.4544492,"buy"
1466334214,19933972,765,0.5,"buy"
1466334214,19933974,765.01,7.4872,"buy"
1466334214,19933976,765.28,10.34,"buy"
1466334214,19933978,765,0.25,"buy"
1466334214,19933980,765,0.02,"buy"
1466334214,19933982,765,0.025,"buy"
1466334214,19933984,765.3,0.84545183,"buy"
1466334214,19933986,765,0.1,"buy"
1466334214,19933988,765.32,4.72359881,"buy"
1466334214,19933990,765.28,8.66,"buy"
1466334214,19933992,764.99,6.34,"buy"
1466334214,19933994,765.28,6.69,"buy"
1466334214,19933996,765.32,3.13950119,"buy"
1466334214,19933998,765.63,8.7894,"buy"
1466334214,19934000,765.94,8.0941,"buy"
1466334214,19934002,765.61,0.03416846,"buy"
1466334214,19934004,765.66,4.32955099,"buy"
1466334214,19934006,765.47,0.60646522,"buy"
1466334214,19934008,765.63,0.02957083,"buy"
1466334214,19934010,765.84,0.02,"buy"
1466334214,19934012,765.34,0.30917468,"buy"
1466334214,19934014,765.67,0.035953,"buy"
1466334214,19934016,766,1.2,"buy"
1466334214,19934018,766,0.01,"buy"
1466334214,19934020,766.15,10,"buy"
1466334214,19934022,766,0.011,"buy"
1466334214,19934024,766,0.025,"buy"
1466334214,19934026,766,1.29052073,"buy"
1466334214,19934028,766.29,4.33014987,"buy"
1466334214,19934030,766.28,4.33025404,"buy"
1466334214,19934032,766.28,4.33025404,"buy"
1466334214,19934034,766.25,0.07951171,"buy"
1466334214,19934036,766.23,7.5294,"buy"
1466334214,19934038,766.28,2.37,"buy"
1466334214,19934040,766.47,2,"buy"
1466334214,19934042,766.47,0.01913656,"buy"
1466334214,19934044,766.55,3,"buy"
1466334214,19934046,766.47,4.33025404,"buy"
1466334214,19934048,766.56,8.5871,"buy"
1466334214,19934050,766.9,8.5514,"buy"
1466334214,19934052,767,0.1,"buy"
1466334214,19934054,767.2,3.20313464,"buy"
1466334214,19934058,767,0.01,"buy"
1466334214,19934060,766.66,4.49,"buy"
1466334214,19934062,767,0.025,"buy"
1466334214,19934064,767.13,0.14,"buy"
1466334214,19934068,767,2,"buy"
1466334214,19934072,767.01,0.96,"buy"
1466334226,19934100,763.87,0.2,"sell"
1466334226,19934102,765.48,0.26727733,"buy"
1466334226,19934104,766.76,0.952,"buy"
1466334226,19934106,765.51,0.26727733,"buy"
1466334226,19934108,766.47,0.952,"buy"
1466334226,19934110,766.47,5.98007733,"buy"
1466334226,19934112,766.47,5.22772267,"buy"
1466334226,19934114,766.48,11.0589,"buy"
1466334226,19934116,765.51,0.73272267,"buy"
1466334226,19934118,766.79,10.7645,"buy"
1466334226,19934120,766.47,3,"buy"
1466334226,19934122,766.78,0.02289287,"buy"
1466334226,19934124,766.76,1.002,"buy"
1466334226,19934126,766.47,1.053,"buy"
1466334226,19934128,767.2,4.33056536,"buy"
1466334226,19934130,767.28,1.053,"buy"
1466334226,19934134,767.28,2.83606444,"buy"
1466334227,19934136,764.2,0.04881373,"sell"
1466334233,19934144,764.95,0.15,"sell"
1466334234,19934152,764.95,0.08012081,"sell"
1466334235,19934154,766,0.2,"buy"
1466334242,19934168,765.3,0.67581199,"sell"
1466334241,19934170,765.3,0.17964081,"sell"
1466334242,19934180,764.97,0.07831402,"sell"
1466334242,19934184,764.97,0.04226,"sell"
1466334244,19934186,764.98,1.28,"sell"
1466334246,19934188,766,0.73261443,"buy"
1466334246,19934190,765.28,0.26738557,"buy"
1466334255,19934196,765.01,0.85428255,"sell"
1466334255,19934198,765.01,2.24571745,"sell"
1466334255,19934200,765.02,0.5,"sell"
1466334256,19934202,765.02,0.02,"sell"
1466334256,19934204,765.98,0.6433,"buy"
1466334256,19934206,766,0.4627,"buy"
1466334256,19934210,765.02,0.148,"sell"
1466334257,19934212,765.01,0.668,"sell"
1466334257,19934214,765.02,0.332,"sell"
1466334259,19934218,765.02,0.40567923,"sell"
1466334259,19934220,765,4.87567923,"sell"
1466334259,19934222,765.02,0.01432077,"sell"
1466334259,19934224,765.23,0.0516,"buy"
1466334260,19934226,765,0.12432077,"sell"
1466334260,19934228,764.95,0.37567923,"sell"
1466334261,19934234,764.95,1,"sell"
1466334262,19934236,764.95,0.048016,"sell"
1466334265,19934238,764.95,1,"sell"
1466334265,19934240,764.98,0.26749043,"buy"
1466334265,19934246,765.35,4.73250957,"buy"
1466334268,19934258,764.95,0.025,"sell"
1466334269,19934260,764.95,0.045,"sell"
1466334270,19934270,764.95,1.71470477,"sell"
1466334270,19934272,764.8,3.54,"sell"
1466334271,19934276,764.13,3.49055195,"sell"
1466334271,19934278,764.22,0.322,"sell"
1466334272,19934280,764.13,2.97,"sell"
1466334272,19934282,764.39,0.01537,"buy"
1466334272,19934284,764.13,0.17964315,"sell"
1466334275,19934290,764.13,0.0138,"sell"
1466334276,19934294,764.13,0.14156078,"sell"
1466334277,19934298,764.13,0.30185524,"sell"
1466334277,19934300,764.13,1.39,"sell"
1466334278,19934302,764.13,0.0138,"sell"
1466334280,19934304,764.13,3.67,"sell"
1466334280,19934306,764.39,0.125,"buy"
1466334280,19934308,764.13,1,"sell"
1466334282,19934310,764.13,5,"sell"
1466334287,19934352,764.14,0.21734344,"sell"
1466334297,19934362,764.13,13.72828888,"sell"
1466334297,19934364,764.13,0.42,"sell"
1466334306,19934396,762.83,0.1,"sell"
1466334306,19934398,762.83,2,"sell"
1466334306,19934400,762.83,0.05071317,"sell"
1466334319,19934410,763.21,0.05,"sell"
1466334319,19934412,763.21,0.35,"sell"
1466334322,19934414,763.19,0.05,"sell"
1466334323,19934416,763.19,0.02924644,"sell"
1466334329,19934468,763.35,0.5,"buy"
1466334329,19934470,763.36,1.08157177,"buy"
1466334338,19934486,763.25,0.03,"sell"
1466334339,19934490,763.25,0.91,"sell"
1466334348,19934512,763.25,0.02,"sell"
1466334362,19934530,763.26,0.09692822,"sell"
1466334363,19934536,763.25,0.14253359,"sell"
1466334363,19934542,763.26,0.18461054,"sell"
1466334363,19934544,763.26,0.04046124,"sell"
1466334364,19934548,763.35,0.0278675,"buy"
1466334364,19934554,763.25,0.01940098,"sell"
1466334364,19934562,763.25,0.03081333,"sell"
1466334366,19934606,764.02,0.03109994,"buy"
1466334367,19934614,763.35,0.0809451,"sell"
1466334367,19934616,763.35,0.01291495,"sell"
1466334367,19934622,763.31,0.03109994,"buy"
1466334368,19934628,763.26,0.01291495,"sell"
1466334368,19934630,763.26,0.0809451,"sell"
1466334368,19934636,763.26,0.09901462,"sell"
1466334368,19934638,763.26,0.15612533,"sell"
1466334368,19934640,763.3,0.09901462,"buy"
1466334368,19934642,763.3,0.0809451,"buy"
1466334368,19934644,763.3,0.03109994,"buy"
1466334368,19934648,763.3,0.01291495,"buy"
1466334379,19934688,763.26,0.01395561,"sell"
1466334380,19934692,763.26,0.09962012,"sell"
1466334380,19934696,763.26,0.02051484,"sell"
1466334381,19934700,763.26,0.02051484,"sell"
1466334385,19934704,763.27,0.04876384,"sell"
1466334386,19934708,763.27,0.01305199,"sell"
1466334387,19934714,763.27,0.04876384,"sell"
1466334387,19934716,763.27,0.05,"sell"
1466334399,19934734,763.27,0.02,"sell"
1466334424,19934756,763.26,2.620863,"sell"
1466334424,19934764,763.27,0.02065084,"buy"
1466334424,19934768,763.27,0.322,"sell"
1466334424,19934786,763.26,0.01289358,"sell"
1466334424,19934788,763.26,0.15001029,"sell"
1466334426,19934796,763.26,0.12935748,"sell"
1466334426,19934798,763.26,0.0195663,"sell"
1466334426,19934800,763.26,0.01289375,"sell"
1466334426,19934802,763.26,0.04011601,"sell"
1466334427,19934804,763.27,0.125,"buy"
1466334428,19934824,763.26,0.15001029,"sell"
1466334430,19934834,763.26,0.04088129,"sell"
1466334430,19934836,763.26,0.15402743,"sell"
1466334430,19934838,763.26,0.02009053,"sell"
1466334430,19934844,763.26,1.34502075,"sell"
1466334430,19934846,763.26,4.99353856,"sell"
1466334430,19934848,763.26,0.42,"sell"
1466334430,19934850,763.25,0.53497925,"sell"
1466334431,19934866,763.25,0.25227285,"sell"
1466334434,19934928,762.88,0.06496678,"sell"
1466334434,19934932,763.26,0.02,"buy"
1466334436,19934934,762.88,0.1,"sell"
1466334437,19934940,762.88,0.04814949,"sell"
1466334438,19934946,762.88,0.052,"sell"
1466334439,19934954,762.88,0.011418,"sell"
1466334439,19934956,762.88,0.01629383,"sell"
1466334439,19934966,762.88,0.05198224,"sell"
1466334440,19934974,762.88,0.016312,"sell"
1466334440,19934976,762.88,0.01628514,"sell"
1466334440,19934982,762.88,0.03498084,"sell"
1466334441,19934990,762.88,0.01628514,"sell"
1466334442,19935000,762.88,0.03498083,"sell"
1466334443,19935002,762.88,0.01628685,"sell"
1466334443,19935004,762.88,0.01628514,"sell"
1466334443,19935006,762.88,0.03498083,"sell"
1466334445,19935016,762.88,0.01628685,"sell"
1466334445,19935022,762.88,0.29301672,"sell"
1466334445,19935030,762.88,0.01628685,"sell"
1466334446,19935034,762.88,0.01628685,"sell"
1466334447,19935040,762.89,0.29301672,"sell"
1466334453,19935056,762.88,0.6,"sell"
1466334455,19935062,762.88,0.03523981,"sell"
1466334458,19935068,762.88,0.04398507,"sell"
1466334459,19935072,762.88,0.2,"sell"
1466334463,19935090,762.88,0.04177143,"sell"
1466334464,19935098,762.88,0.01772022,"sell"
1466334465,19935110,763.06,0.5,"buy"
1466334465,19935112,763.06,0.34404601,"buy"
1466334465,19935114,763.06,1.55595399,"buy"
1466334465,19935116,762.88,0.04177143,"sell"
1466334465,19935118,762.88,0.04177143,"sell"
1466334466,19935120,762.88,0.01772022,"sell"
1466334467,19935124,762.88,0.044166,"sell"
1466334473,19935128,762.88,1.04277001,"sell"
1466334473,19935130,762.8,1,"sell"
1466334480,19935132,761.83,0.05071317,"sell"
1466334480,19935134,761.83,0.1,"sell"
1466334480,19935136,761.83,0.1,"sell"
1466334481,19935138,762.78,0.01,"buy"
1466334483,19935146,762.26,0.32299992,"sell"
1466334487,19935154,761.39,0.1,"sell"
1466334491,19935176,761.39,0.05501174,"sell"
1466334492,19935180,761.39,0.02874833,"sell"
1466334492,19935184,761.39,0.695874,"sell"
1466334492,19935186,761.39,0.02126649,"sell"
1466334506,19935198,761.01,15.9837,"sell"
1466334506,19935200,761.38,1,"sell"
1466334506,19935202,761.26,0.421,"sell"
1466334506,19935204,761.05,0.085,"sell"
1466334506,19935206,760.81,4.33379881,"sell"
1466334506,19935208,760.81,13.3104,"sell"
1466334506,19935210,760.36,9.61880119,"sell"
1466334506,19935212,760.76,12.9143,"sell"
1466334506,19935214,761.4,0.323,"sell"
1466334506,19935216,761,0.01,"sell"
1466334506,19935218,761,2,"sell"
1466334517,19935228,760.6,0.05071317,"sell"
1466334517,19935230,760.6,0.0333332,"sell"
1466334517,19935232,760.6,0.1,"sell"
1466334518,19935234,760.44,0.1,"sell"
1466334518,19935254,761.41,0.1485131,"buy"
1466334519,19935262,761.41,0.03852819,"buy"
1466334519,19935264,761.41,0.01937127,"buy"
1466334521,19935268,761.4,0.03852819,"buy"
1466334521,19935270,761.4,0.01937127,"buy"
1466334521,19935272,761.4,0.1485131,"buy"
1466334522,19935280,761.4,0.01937127,"buy"
1466334522,19935284,761.4,0.01937127,"buy"
1466334526,19935302,761.39,0.06507579,"buy"
1466334527,19935310,761.38,0.173,"buy"
1466334528,19935312,761.38,0.12975873,"buy"
1466334543,19935324,761.21,0.18337841,"buy"
1466334568,19935326,761.17,0.0516,"buy"
1466334574,19935328,761.16,36.14565584,"sell"
1466334574,19935330,761.16,3.85434416,"sell"
1466334588,19935332,761.17,0.1484,"buy"
1466334588,19935334,761.17,1.09392892,"buy"
1466334588,19935336,761.17,1.58,"buy"
1466334588,19935338,761.17,6.69,"buy"
1466334593,19935340,761.18,0.2,"buy"
1466334595,19935346,761.17,0.07745206,"sell"
1466334596,19935354,761.18,2.87,"buy"
1466334596,19935356,761.18,3.8,"buy"
1466334596,19935358,761.18,1.09392892,"sell"
1466334601,19935360,761.19,0.102,"sell"
1466334604,19935362,761.23,0.125,"buy"
1466334608,19935364,761.24,0.01,"buy"
1466334611,19935366,761.22,0.4897651,"buy"
1466334612,19935368,761.24,0.04698428,"sell"
1466334613,19935376,761.29,0.053,"buy"
1466334618,19935380,761.29,0.1,"buy"
1466334620,19935394,761.39,0.5,"buy"
1466334620,19935396,761.4,1.463,"buy"
1466334620,19935398,761.29,0.037,"buy"
1466334624,19935400,761.39,0.5,"buy"
1466334624,19935402,761.4,1.537,"buy"
1466334624,19935404,761.41,1.963,"buy"
1466334634,19935406,761.19,0.023,"sell"
1466334634,19935408,761.19,3.579,"sell"
1466334634,19935410,761.27,0.421,"sell"
1466334637,19935412,761.18,0.582,"sell"
1466334663,19935450,761.18,0.05647622,"sell"
1466334666,19935452,761.18,0.16904188,"sell"
1466334666,19935458,761.18,0.01641356,"sell"
1466334667,19935462,761.18,0.01120031,"sell"
1466334668,19935464,761.18,0.01641356,"sell"
1466334682,19935496,761.18,1.38452555,"sell"
1466334694,19935510,761.17,0.02,"sell"
1466334716,19935542,761.06,2.79136762,"sell"
1466334716,19935544,761.06,0.01148318,"sell"
1466334716,19935546,761.17,1.1424,"sell"
1466334718,19935556,761,0.2,"sell"
1466334721,19935562,760.25,0.01,"sell"
1466334723,19935566,760.28,2.15977165,"sell"
1466334724,19935568,760.23,0.1,"sell"
1466334724,19935570,760.28,0.1,"sell"
1466334755,19935586,760.32,6,"buy"
1466334755,19935588,760.32,1,"buy"
1466334775,19935614,760.33,1.62886073,"sell"
1466334775,19935616,760.32,0.37113927,"sell"
1466334784,19935626,760.32,0.95,"sell"
1466334807,19935628,760.32,2,"sell"
1466334812,19935630,760.32,0.27005383,"sell"
1466334812,19935632,760.36,6.69,"buy"
1466334812,19935634,760.56,0.05,"buy"
1466334812,19935636,760.59,0.03,"buy"
1466334812,19935638,760.36,0.15,"buy"
1466334812,19935640,760.41,0.20803567,"buy"
1466334812,19935642,760.4,0.2,"buy"
1466334816,19935644,760.75,0.02438136,"sell"
1466334892,19935672,760.49,0.1298,"buy"
1466334928,19935688,760.5,0.08,"buy"
1466334937,19935690,760.76,4.4,"buy"
1466334937,19935692,761.17,4.5,"buy"
1466334937,19935694,761.09,1.18,"buy"
1466334937,19935696,760.5,0.92,"buy"
1466334950,19935698,761.4,0.10076229,"buy"
1466334950,19935700,761.18,1.2,"buy"
1466334950,19935702,761.18,0.2,"buy"
1466334950,19935704,761.39,0.05,"buy"
1466334950,19935708,761.4,0.05210415,"sell"
1466334951,19935710,761.41,1,"buy"
1466334958,19935712,760.53,3,"sell"
1466334958,19935714,760.51,0.10286644,"sell"
1466334958,19935716,760.52,6,"sell"
1466334958,19935718,760.53,0.5,"sell"
1466334958,19935720,761.4,0.39713356,"sell"
1466334960,19935722,761.41,0.05071317,"buy"
1466334962,19935740,760.54,0.04605559,"sell"
1466334962,19935742,760.54,0.11120175,"sell"
1466334962,19935744,760.54,0.06515352,"sell"
1466334963,19935762,760.54,0.04605619,"sell"
1466334963,19935768,760.54,0.11044509,"sell"
1466334963,19935772,760.54,0.04605559,"sell"
1466334964,19935778,760.54,0.06515352,"sell"
1466334964,19935780,761.39,0.01165951,"buy"
1466334990,19935818,760.7,0.052128,"sell"
1466334990,19935822,760.7,0.82822661,"sell"
1466334999,19935874,760.63,0.04593254,"sell"
1466335006,19935896,760.68,0.02213334,"sell"
1466335013,19935906,760.7,0.06570352,"sell"
1466335023,19935910,761.34,0.0746535,"buy"
1466335025,19935912,760.67,0.3,"sell"
1466335049,19935916,761.14,0.32768452,"sell"
1466335066,19935926,761.36,0.5,"buy"
1466335066,19935928,761.95,2.36717096,"buy"
1466335066,19935930,761.4,0.03010851,"buy"
1466335066,19935932,761.37,0.70702143,"buy"
1466335066,19935934,761.41,0.32987427,"buy"
1466335068,19935936,761.4,0.02700839,"sell"
1466335074,19935938,761.93,0.2,"buy"
1466335076,19935940,761.92,0.2,"buy"
1466335084,19935942,761.54,1.5,"sell"
1466335084,19935944,761.54,0.5,"sell"
1466335104,19935948,761.14,11.1508,"sell"
1466335104,19935950,761.55,0.01535,"sell"
1466335104,19935952,761.4,0.97299161,"sell"
1466335104,19935954,760.74,8.39198869,"sell"
1466335104,19935956,761,5,"sell"
1466335132,19935988,760,2,"sell"
1466335132,19935990,759.95,0.73883721,"sell"
1466335132,19935992,760.7,7.84063496,"sell"
1466335132,19935994,760,1.28,"sell"
1466335132,19935996,760.6,3.9,"sell"
1466335132,19935998,760,11.0531,"sell"
1466335132,19936000,760.25,0.0908,"sell"
1466335132,19936002,760.2,0.044,"sell"
1466335132,19936004,760,0.01,"sell"
1466335132,19936006,760,1.8,"sell"
1466335135,19936008,761.64,6.29630528,"buy"
1466335135,19936010,761.49,0.20369472,"buy"
1466335135,19936012,761.5,0.5,"buy"
1466335137,19936014,759.96,1,"sell"
1466335138,19936016,760.01,0.05071317,"sell"
1466335138,19936018,760.01,0.1,"sell"
1466335138,19936020,760.01,0.1,"sell"
1466335139,19936022,759.98,0.1,"sell"
1466335173,19936030,760.65,0.05235203,"buy"
1466335191,19936032,761.37,0.01,"buy"
1466335191,19936034,760.63,0.09054748,"buy"
1466335191,19936036,761.75,1.85265252,"buy"
1466335191,19936038,761.31,6.5468,"buy"
1466335191,19936040,761.37,1,"buy"
1466335191,19936042,761.43,0.5,"buy"
1466335192,19936044,760.75,2,"sell"
1466335195,19936046,760.42,0.4,"sell"
1466335195,19936048,760.61,0.2,"sell"
1466335199,19936050,761.3,0.2,"buy"
1466335205,19936052,760.75,0.02120241,"sell"
1466335232,19936058,760.52,0.22,"sell"
1466335263,19936066,760.66,0.01331723,"sell"
1466335263,19936072,760.66,0.01331724,"sell"
1466335274,19936078,760.79,0.2,"sell"
1466335292,19936080,760.68,0.266,"sell"
1466335293,19936082,760.66,6.5557,"sell"
1466335293,19936084,760.68,3.334,"sell"
1466335293,19936086,760.66,0.01,"sell"
1466335293,19936088,760.54,3,"sell"
1466335293,19936090,760.5,0.5,"sell"
1466335293,19936092,760.65,2.7733,"sell"
1466335293,19936094,760.45,7.81392141,"sell"
1466335321,19936112,760.31,0.5045,"sell"
1466335321,19936114,760.3,1.46878645,"sell"
1466335321,19936116,760.45,0.02671355,"sell"
1466335322,19936118,760.58,0.07268684,"buy"
1466335322,19936120,760.59,0.02720316,"buy"
1466335323,19936122,760.32,0.02118443,"sell"
1466335341,19936146,760.58,0.03231466,"buy"
1466335363,19936184,760.6,0.010021,"buy"
1466335364,19936190,760.59,0.01493635,"sell"
1466335364,19936192,760.59,0.01493635,"sell"
1466335365,19936194,760.59,0.01493635,"sell"
1466335367,19936196,760.59,0.01493635,"sell"
1466335368,19936200,760.59,0.01493635,"sell"
1466335383,19936212,760.59,0.02118499,"sell"
1466335383,19936214,760.6,0.789979,"buy"
1466335383,19936216,760.6,0.06,"buy"
1466335384,19936218,760.6,0.02118499,"sell"
1466335399,19936224,760.6,0.5,"sell"
1466335413,19936226,760.66,0.06,"buy"
1466335432,19936228,760.6,0.05,"sell"
1466335436,19936230,760.6,0.06,"sell"
1466335442,19936232,760.62,1,"buy"
1466335442,19936234,760.62,6.95,"buy"
1466335442,19936236,760.61,0.05,"buy"
1466335443,19936238,760.6,0.02122753,"sell"
1466335443,19936240,760.6,0.02122753,"sell"
1466335454,19936248,760.6,1,"sell"
1466335461,19936250,760.6,0.06,"sell"
1466335471,19936262,760.6,12.39545922,"sell"
1466335471,19936264,760.32,2.01044078,"sell"
1466335471,19936266,760.6,0.02092173,"sell"
1466335471,19936268,760.32,0.5941,"sell"
1466335474,19936282,760.34,0.01975724,"sell"
1466335475,19936286,760.48,0.1,"buy"
1466335476,19936292,760,0.01660773,"sell"
1466335492,19936328,760.01,0.3,"sell"
1466335503,19936368,760.01,0.02122753,"sell"
1466335503,19936370,760.01,0.02120147,"sell"
1466335514,19936398,760.01,2.37382249,"sell"
1466335514,19936400,760,0.31166427,"sell"
1466335517,19936404,759.95,0.1,"sell"
1466335539,19936434,759.95,1.632784,"sell"
1466335539,19936450,759.95,0.34,"sell"
1466335547,19936454,759.94,0.01,"sell"
1466335549,19936456,759.95,0.34,"buy"
1466335552,19936458,759.94,0.01419893,"buy"
1466335552,19936460,759.94,0.01133045,"buy"
1466335553,19936462,759.95,0.01419893,"sell"
1466335554,19936464,759.95,0.01133045,"sell"
1466335561,19936468,759.98,1.632784,"buy"
1466335561,19936470,759.97,0.123835,"buy"
1466335561,19936472,760,2.68548676,"buy"
1466335563,19936474,760.13,0.01814211,"buy"
1466335576,19936482,760,0.01814211,"sell"
1466335576,19936484,760,0.55789424,"sell"
1466335576,19936486,759.95,0.34,"sell"
1466335579,19936488,759.95,0.24603635,"buy"
1466335579,19936490,759.95,0.08396365,"buy"
1466335589,19936494,759.93,0.23674938,"sell"
1466335589,19936496,759.94,0.5,"sell"
1466335623,19936514,759.93,0.02123128,"sell"
1466335624,19936516,759.93,0.04240165,"sell"
1466335624,19936518,759.94,0.02120082,"sell"
1466335630,19936520,759.95,3,"sell"
1466335630,19936522,759.95,0.5,"sell"
1466335630,19936524,759.94,1.5,"sell"
1466335636,19936526,759.94,2.02879918,"sell"
1466335636,19936528,759.93,2.97120082,"sell"
1466335652,19936540,759.99,1,"buy"
1466335654,19936542,759.98,3,"buy"
1466335654,19936544,759.99,4.051,"buy"
1466335665,19936546,759.93,0.10341687,"sell"
1466335665,19936548,759.93,0.24603635,"sell"
1466335665,19936550,759.92,2.65054678,"sell"
1466335667,19936552,759.99,0.1,"buy"
1466335670,19936554,759.98,0.01,"buy"
1466335677,19936556,759.98,0.02,"buy"
1466335679,19936558,759.94,0.3,"sell"
1466335682,19936560,759.94,0.02117837,"sell"
1466335683,19936562,759.94,0.9794,"sell"
1466335684,19936564,759.94,0.02117837,"sell"
1466335694,19936566,759.94,1.8484168,"sell"
1466335725,19936570,759.94,6.6,"sell"
1466335725,19936572,759.93,0.01,"sell"
1466335725,19936574,759.9,3.29829551,"sell"
1466335725,19936576,759.95,0.102338,"sell"
1466335725,19936578,759.92,0.96320569,"sell"
1466335728,19936580,759.79,0.01,"sell"
1466335735,19936582,759,0.01,"sell"
1466335735,19936584,759.22,6,"sell"
1466335735,19936586,759.2,0.01,"sell"
1466335735,19936588,759.46,2.37,"sell"
1466335735,19936590,759.01,0.21,"sell"
1466335735,19936592,759,1.4,"sell"
1466335735,19936594,759.69,0.507103,"buy"
1466335737,19936596,759,0.1,"sell"
1466335738,19936598,759,1.7643,"sell"
1466335738,19936600,758.79,7.2357,"sell"
1466335741,19936604,758.79,2.7643,"sell"
1466335741,19936606,758.9,0.21,"buy"
1466335741,19936608,758.5,0.5,"sell"
1466335741,19936610,757.27,3,"sell"
1466335741,19936612,757.56,0.01879528,"sell"
1466335741,19936614,758.43,0.81,"sell"
1466335741,19936616,758,0.1,"sell"
1466335741,19936618,758,0.01,"sell"
1466335741,19936620,758,2,"sell"
1466335741,19936622,758,0.125,"sell"
1466335741,19936624,757.53,10,"sell"
1466335741,19936626,758.22,4.9221,"sell"
1466335741,19936628,757,0.01,"sell"
1466335741,19936630,756.94,0.25548652,"sell"
1466335741,19936632,756.82,1.66208864,"sell"
1466335742,19936634,758.55,0.301913,"buy"
1466335742,19936636,756.58,0.02117837,"sell"
1466335743,19936638,756.58,0.02116835,"sell"
1466335744,19936640,758.49,0.23,"buy"
1466335744,19936642,758.49,1,"buy"
1466335744,19936644,756.58,0.1,"sell"
1466335744,19936646,756.58,0.05071317,"sell"
1466335744,19936648,756.58,0.05071317,"sell"
1466335744,19936650,756.58,0.1,"sell"
1466335744,19936652,756.58,0.1,"sell"
1466335744,19936654,756.58,0.05071317,"sell"
1466335744,19936656,756.58,0.1,"sell"
1466335744,19936658,756.58,0.1,"sell"
1466335744,19936660,756.58,0.1,"sell"
1466335751,19936662,757.88,0.201713,"buy"
1466335751,19936664,757.88,0.0559,"buy"
1466335760,19936700,757.01,10,"sell"
1466335766,19936702,757,0.0485,"buy"
1466335767,19936704,757,0.495234,"buy"
1466335770,19936710,756.61,0.01,"sell"
1466335770,19936714,756.64,0.01678709,"sell"
1466335770,19936716,756.61,0.07079204,"sell"
1466335770,19936718,756.64,0.00321291,"sell"
1466335782,19936732,756.82,0.190625,"sell"
1466335784,19936736,756.93,0.03027671,"buy"
1466335785,19936738,756.82,1.83476609,"sell"
1466335791,19936740,756.86,0.387387,"sell"
1466335792,19936742,756.92,0.5,"buy"
1466335794,19936744,756.86,1.74,"sell"
1466335801,19936746,757,0.4976354,"buy"
1466335801,19936748,756.99,0.5,"buy"
1466335806,19936792,756.98,0.02116835,"sell"
