"timestamp","tid","price","amount","type"
1466326734,19922386,753.03,0.23090542,"sell"
1466326743,19922398,753.04,0.91257034,"buy"
1466326757,19922400,753.04,0.051,"buy"
1466326764,19922404,753.03,0.03432336,"sell"
1466326767,19922410,753.03,0.01922549,"sell"
1466326769,19922420,753.03,0.01922549,"sell"
1466326769,19922422,753.03,0.01922549,"sell"
1466326781,19922440,753.03,0.09677523,"sell"
1466326857,19922454,753.04,0.01,"buy"
1466326863,19922456,753.03,0.0583,"sell"
1466326888,19922496,753.04,0.341675,"buy"
1466326890,19922498,753.03,0.5,"sell"
1466326892,19922520,753.03,0.1139,"sell"
1466326894,19922522,753.01,1,"sell"
1466326894,19922524,753.03,5.29142382,"sell"
1466326894,19922526,752.51,6.05021007,"sell"
1466326894,19922528,752.74,9.8435,"sell"
1466326894,19922530,753,3,"sell"
1466326895,19922532,752.51,1,"sell"
1466326898,19922534,753.03,6,"buy"
1466326898,19922536,753.03,2.4312,"buy"
1466326899,19922540,752.52,4.4403403,"sell"
1466326899,19922542,752.52,1.46931361,"sell"
1466326899,19922544,752.44,2.33068639,"sell"
1466326899,19922546,752.5,1,"sell"
1466326899,19922548,752.47,0.2,"sell"
1466326912,19922570,752.44,1,"sell"
1466326974,19922588,752.46,0.131891,"sell"
1466326974,19922590,752.46,0.23676966,"sell"
1466326983,19922594,753.73,2.45359205,"buy"
1466326983,19922596,752.63,0.7069422,"buy"
1466326983,19922598,753.04,0.0133,"buy"
1466326983,19922600,753.73,0.03935201,"buy"
1466327113,19922658,752.52,0.05,"buy"
1466327133,19922668,752.52,0.081709,"buy"
1466327141,19922676,752.52,0.18423826,"buy"
1466327141,19922678,752.53,0.10144874,"buy"
1466327165,19922698,752.53,0.05414875,"buy"
1466327165,19922700,752.52,0.04585125,"buy"
1466327208,19922702,752.5,0.05,"sell"
1466327247,19922710,752.51,0.0117424,"buy"
1466327254,19922712,752.51,0.01571086,"buy"
1466327256,19922714,752.5,0.63458,"sell"
1466327259,19922716,752.51,0.02049559,"buy"
1466327259,19922718,752.51,0.02254674,"buy"
1466327312,19922746,752.53,0.10114301,"buy"
1466327315,19922758,752.53,0.23573008,"buy"
1466327316,19922764,752.53,0.23573008,"buy"
1466327317,19922770,752.53,0.23573008,"buy"
1466327354,19922782,752.52,0.472685,"sell"
1466327354,19922784,752.5,0.42552027,"sell"
1466327354,19922786,752.51,0.45995773,"sell"
1466327355,19922788,752.5,0.152902,"sell"
1466327364,19922838,752.53,1.88180949,"buy"
1466327375,19922844,752.53,0.05,"buy"
1466327387,19922848,752.53,0.01371027,"buy"
1466327388,19922852,752.53,0.01371027,"buy"
1466327389,19922854,752.53,0.01371027,"buy"
1466327389,19922856,752.53,0.01371027,"buy"
1466327390,19922858,752.53,0.01371027,"buy"
1466327395,19922860,752.53,0.470397,"buy"
1466327449,19922878,752.5,0.01028311,"buy"
1466327450,19922880,752.5,0.01028311,"buy"
1466327450,19922886,752.5,0.01028311,"buy"
1466327451,19922890,752.5,0.01028311,"buy"
1466327452,19922892,752.5,0.00886756,"buy"
1466327453,19922896,752.52,0.01028282,"buy"
1466327459,19922902,752.53,0.01028282,"buy"
1466327458,19922904,752.53,0.01028282,"buy"
1466327459,19922908,752.53,0.01884986,"buy"
1466327460,19922912,752.53,0.01026332,"buy"
1466327461,19922914,752.53,0.01884986,"buy"
1466327460,19922916,752.53,0.01884986,"buy"
1466327462,19922918,752.53,0.01026115,"buy"
1466327462,19922920,752.53,0.01026332,"buy"
1466327463,19922924,752.53,0.01889233,"buy"
1466327463,19922930,752.53,0.09998571,"buy"
1466327466,19922938,752.53,0.02227916,"buy"
1466327467,19922942,752.53,0.02227711,"buy"
1466327467,19922946,752.53,0.02227916,"buy"
1466327467,19922948,752.53,0.02227711,"buy"
1466327469,19922952,752.53,0.77462101,"buy"
1466327472,19922954,752.54,7.42,"sell"
1466327514,19922984,752.58,0.04872861,"sell"
1466327516,19922990,752.59,0.0275,"buy"
1466327516,19922992,752.6,0.5025,"buy"
1466327523,19922998,752.6,0.03293813,"buy"
1466327523,19923000,752.57,0.93020307,"sell"
1466327526,19923002,752.57,0.156894,"sell"
1466327538,19923006,752.6,0.3723949,"buy"
1466327550,19923014,753.53,0.01702096,"sell"
1466327551,19923018,754,0.23518213,"buy"
1466327582,19923072,753.92,0.05,"sell"
1466327582,19923084,753.88,0.18425028,"sell"
1466327583,19923102,753.88,0.03506072,"sell"
1466327583,19923104,753.82,0.33403692,"sell"
1466327583,19923106,753.82,0.04816034,"sell"
1466327584,19923108,753.82,0.11780274,"sell"
1466327584,19923110,753.49,0.02087755,"sell"
1466327588,19923126,753.5,0.2344017,"sell"
1466327588,19923128,753.5,0.04816034,"sell"
1466327588,19923130,753.5,0.0165446,"sell"
1466327588,19923132,753.5,0.21743796,"sell"
1466327588,19923138,753.5,0.04816034,"sell"
1466327588,19923142,753.5,0.2344017,"sell"
1466327591,19923152,753.51,0.18322439,"sell"
1466327591,19923154,753.5,0.05232203,"sell"
1466327591,19923156,753.51,0.31677561,"sell"
1466327591,19923160,753.9,0.01420779,"buy"
1466327593,19923166,753.91,0.06978543,"buy"
1466327593,19923168,753.51,0.02022105,"sell"
1466327593,19923170,753.91,0.0109568,"sell"
1466327610,19923178,753.91,0.27648128,"sell"
1466327646,19923186,753.92,0.05,"buy"
1466327648,19923188,753.92,0.030507,"buy"
1466327648,19923190,753.92,0.216204,"buy"
1466327648,19923192,754.46,0.4913454,"buy"
1466327648,19923194,754.14,0.0945816,"buy"
1466327655,19923200,753.65,0.095532,"sell"
1466327667,19923202,753.5,0.052926,"sell"
1466327703,19923204,753.4,0.182054,"sell"
1466327763,19923228,754,0.02350609,"buy"
1466327776,19923238,753.64,0.02078573,"sell"
1466327777,19923244,753.65,0.23446669,"sell"
1466327782,19923248,753.65,0.15814423,"sell"
1466327784,19923254,753.66,0.15814423,"sell"
1466327786,19923296,753.66,0.23445425,"sell"
1466327787,19923302,753.66,0.15859193,"sell"
1466327787,19923304,753.66,0.02091115,"sell"
1466327793,19923318,753.66,0.017051,"sell"
1466327794,19923324,753.66,0.05113527,"sell"
1466327808,19923334,753.68,0.59899889,"sell"
1466327820,19923342,753.73,0.017004,"sell"
1466327859,19923356,753.97,0.016984,"sell"
1466327885,19923386,754,0.02649391,"buy"
1466327892,19923402,754.47,1,"buy"
1466327893,19923404,754.47,1,"buy"
1466327893,19923406,754.47,1,"buy"
1466327895,19923412,754.5,0.5,"buy"
1466327895,19923414,754.51,0.04069885,"sell"
1466327896,19923432,754.51,0.04069724,"sell"
1466327904,19923450,754.56,0.98946837,"buy"
1466327904,19923452,754.56,0.01053163,"buy"
1466327919,19923458,754.55,0.1,"buy"
1466327919,19923460,754.56,0.0781,"buy"
1466327949,19923472,754.56,0.06,"buy"
1466327950,19923474,754.56,0.87243163,"buy"
1466327950,19923476,754.72,2.62756837,"buy"
1466328043,19923502,754.72,0.02,"buy"
1466328086,19923516,754.56,0.02,"sell"
1466328086,19923518,754.38,0.326,"sell"
1466328086,19923520,754.24,0.36504,"sell"
1466328125,19923560,754.7,0.19972774,"buy"
1466328125,19923562,754.7,0.5,"buy"
1466328155,19923600,754.7,0.078737,"buy"
1466328182,19923606,754.7,0.01965058,"buy"
1466328188,19923608,754.62,0.426,"sell"
1466328188,19923610,754.62,0.728,"sell"
1466328188,19923612,754.62,0.02,"sell"
1466328188,19923614,754.63,0.326,"sell"
1466328188,19923616,754.62,0.65097973,"sell"
1466328226,19923624,754.7,0.5967,"buy"
1466328226,19923626,754.63,0.0133,"buy"
1466328241,19923654,754.62,0.23353738,"sell"
1466328299,19923662,754.61,0.2,"sell"
1466328329,19923688,754.61,0.23266203,"sell"
1466328331,19923694,754.6,0.01598679,"sell"
1466328333,19923696,754.7,0.01566538,"buy"
1466328363,19923750,754.7,0.0895193,"buy"
1466328363,19923752,754.71,0.58979135,"buy"
1466328363,19923754,754.7,0.5,"buy"
1466328380,19923878,754.71,0.23440243,"sell"
1466328382,19923882,754.71,0.02091699,"sell"
1466328382,19923888,754.71,0.06573758,"sell"
1466328387,19923900,754.56,0.01019117,"sell"
1466328388,19923906,754.55,0.01019158,"sell"
1466328390,19923910,754.57,0.01019158,"sell"
1466328391,19923914,754.57,0.23364099,"sell"
1466328391,19923922,754.55,0.04570485,"sell"
1466328393,19923936,754.57,0.5,"sell"
1466328393,19923942,754.56,0.055822,"sell"
1466328393,19923950,754.72,0.02219262,"buy"
1466328398,19923956,754.71,0.01015475,"sell"
1466328398,19923964,754.71,0.01015475,"sell"
1466328401,19923978,754.71,0.01015462,"sell"
1466328402,19923982,754.71,0.01015462,"sell"
1466328412,19924000,754.72,0.197109,"buy"
1466328441,19924022,754.72,0.342,"buy"
1466328446,19924026,754.72,0.5,"buy"
1466328462,19924036,754.7,0.05723404,"sell"
1466328462,19924038,754.7,0.10284996,"sell"
1466328462,19924042,754.7,0.339916,"sell"
1466328484,19924044,754.7,0.17,"buy"
1466328519,19924062,754.69,0.0212,"sell"
1466328519,19924064,754.6,3,"sell"
1466328539,19924066,754.59,0.23460207,"buy"
1466328539,19924068,754.6,0.16539793,"buy"
1466328540,19924076,754.55,0.23503758,"sell"
1466328557,19924086,754.56,0.09645941,"sell"
1466328565,19924096,754.56,0.17672469,"sell"
1466328573,19924100,754.57,0.427,"sell"
1466328573,19924102,754.18,10.0173,"sell"
1466328573,19924104,754.55,6.70906599,"sell"
1466328573,19924106,754.56,9.0432,"sell"
1466328573,19924108,754.55,3,"sell"
1466328573,19924110,754.5,10.5784,"sell"
1466328573,19924112,754.41,0.427304,"sell"
1466328579,19924122,754,0.28409263,"buy"
1466328579,19924124,753.99,0.17672237,"buy"
1466328601,19924126,753.32,8.2461,"sell"
1466328601,19924128,753.28,9.3879,"sell"
1466328601,19924130,753.61,9.451,"sell"
1466328601,19924132,753.31,15,"sell"
1466328601,19924134,753.2,0.1,"buy"
1466328601,19924136,753.3,50.3037,"sell"
1466328605,19924146,753,0.5,"sell"
1466328605,19924150,752.99,0.20755026,"sell"
1466328605,19924152,753,0.039,"buy"
1466328607,19924158,753.19,0.02508962,"buy"
1466328607,19924160,752.99,0.23552139,"sell"
1466328608,19924162,753.18,0.326,"buy"
1466328616,19924176,753.04,0.23550888,"sell"
1466328629,19924178,753.01,0.01193231,"sell"
1466328637,19924218,753,0.326,"sell"
1466328637,19924222,752.99,1.337057,"sell"
1466328639,19924226,752.99,0.23392499,"sell"
1466328640,19924228,753.18,0.23418138,"buy"
1466328640,19924230,753.2,0.46709495,"buy"
1466328640,19924232,753.19,0.01557,"buy"
1466328641,19924236,753,0.1,"buy"
1466328643,19924246,752.99,0.10083333,"sell"
1466328644,19924256,752.99,0.02976914,"sell"
1466328645,19924258,752.99,0.12261477,"sell"
1466328648,19924262,752.99,0.12261477,"sell"
1466328651,19924274,752.99,0.12283587,"sell"
1466328652,19924280,752.99,0.12283587,"sell"
1466328652,19924286,752.99,0.12283587,"sell"
1466328659,19924306,753,0.21386237,"sell"
1466328659,19924308,753,0.02080048,"sell"
1466328663,19924324,753.01,0.21319289,"sell"
1466328663,19924326,753.01,0.02080048,"sell"
1466328663,19924328,753.01,0.08033933,"sell"
1466328663,19924330,753.01,0.02073537,"sell"
1466328681,19924418,753.11,0.490153,"sell"
1466328681,19924420,753.04,9.4886,"sell"
1466328681,19924422,753,0.326,"sell"
1466328701,19924448,753,1,"buy"
1466328735,19924462,753,0.4,"buy"
1466328753,19924484,752.99,0.10042773,"sell"
1466328754,19924486,752.74,9.435,"sell"
1466328754,19924488,752.99,7.53657901,"sell"
1466328754,19924490,752.71,10.4022,"sell"
1466328754,19924492,752.73,5,"sell"
1466328754,19924494,752.45,9.7123,"sell"
1466328754,19924496,752.41,8.2,"sell"
1466328754,19924498,751.81,10.1157,"sell"
1466328754,19924500,752.09,9.5783,"sell"
1466328754,19924502,751.52,2.265,"sell"
1466328754,19924504,752.63,0.2,"sell"
1466328754,19924506,751.52,2.504,"sell"
1466328754,19924508,752.43,1.49,"sell"
1466328754,19924510,751.47,4.39321736,"sell"
1466328754,19924512,751.46,0.1,"sell"
1466328754,19924514,751.28,4.39321736,"sell"
1466328754,19924516,751.51,10.145,"sell"
1466328754,19924518,751.25,8.35,"sell"
1466328754,19924520,751.25,6.53,"sell"
1466328754,19924522,751.06,4.39335139,"sell"
1466328754,19924524,751.24,9.9189,"sell"
1466328754,19924526,751,0.01,"sell"
1466328754,19924528,750.58,9.250868,"sell"
1466328754,19924530,750.91,9.9562,"sell"
1466328754,19924532,751,1,"sell"
1466328754,19924534,750.55,10,"sell"
1466328754,19924536,750.68,4.39233294,"sell"
1466328754,19924538,750.5,0.01,"sell"
1466328754,19924540,750.81,4.39335139,"sell"
1466328754,19924542,750.56,2.385,"sell"
1466328754,19924544,750.5,0.52437229,"buy"
1466328776,19924566,751.83,3,"sell"
1466328776,19924568,752,0.427,"sell"
1466328776,19924570,751.84,0.5,"sell"
1466328776,19924572,751.23,0.0534,"sell"
1466328776,19924574,751.6,6,"sell"
1466328776,19924576,751.99,0.1,"sell"
1466328776,19924578,751.23,2.57721435,"sell"
1466328776,19924580,751.23,0.9246,"sell"
1466328776,19924582,751.24,9.9196,"sell"
1466328776,19924584,751.23,0.885,"sell"
1466328789,19924590,751.24,0.252687,"sell"
1466328789,19924592,751.2,0.247313,"sell"
1466328795,19924612,751.52,4.81806973,"sell"
1466328802,19924628,751.52,0.23523929,"sell"
1466328802,19924630,751.52,0.15089944,"sell"
1466328804,19924632,751.53,2.7346,"buy"
1466328809,19924634,752.62,0.1,"buy"
1466328831,19924638,751.58,0.1303637,"sell"
1466328893,19924652,752.3,0.277518,"buy"
1466328896,19924654,752.3,0.263936,"buy"
1466328933,19924674,752.3,0.01439419,"buy"
1466328935,19924676,752.3,0.05,"buy"
1466328963,19924686,752.3,0.01177575,"buy"
1466329023,19924688,752.2,0.07320019,"sell"
1466329091,19924692,752.21,3,"sell"
1466329091,19924694,752.21,0.5,"sell"
1466329091,19924696,752.21,0.428,"sell"
1466329091,19924698,752.21,1.072,"sell"
1466329113,19924700,752.2,1,"sell"
1466329126,19924702,752.3,0.578734,"buy"
1466329131,19924704,752.3,0.316289,"buy"
1466329143,19924706,752.3,0.14377049,"buy"
1466329193,19924708,752.3,0.427,"buy"
1466329211,19924712,752.3,4.5,"buy"
1466329217,19924828,752.3,0.326,"buy"
1466329218,19924832,752.3,1,"buy"
1466329221,19924834,752.29,0.06669711,"sell"
1466329225,19924836,752.3,5,"buy"
1466329228,19924838,752.3,5,"buy"
1466329230,19924840,752.3,0.326,"buy"
1466329246,19924846,752.3,0.326,"buy"
1466329249,19924848,752.29,0.15923866,"sell"
1466329251,19924852,752.29,0.23571854,"sell"
1466329251,19924864,752.29,0.0320428,"sell"
1466329252,19924868,752.23,0.15952581,"sell"
1466329252,19924872,752.23,0.23616259,"sell"
1466329268,19924874,752.22,0.01866816,"sell"
1466329286,19924876,752.26,0.0665,"buy"
1466329350,19924892,752.26,0.03741714,"buy"
1466329383,19924900,752.26,1,"buy"
1466329384,19924902,752.25,0.13694365,"sell"
1466329384,19924904,752.25,0.2,"sell"
1466329563,19924906,752.26,0.01833555,"buy"
1466329574,19924914,752.24,0.08289791,"sell"
1466329574,19924916,752.25,0.06305635,"sell"
1466329594,19924926,752.27,0.01178714,"buy"
1466329631,19924938,752.27,0.01,"buy"
1466329654,19924946,752.26,0.03306395,"sell"
1466329654,19924948,752.26,0.08826722,"sell"
1466329654,19924956,752.26,0.084893,"sell"
1466329659,19924958,752.26,0.03301775,"sell"
1466329679,19924966,752.29,0.09488301,"buy"
1466329679,19924968,752.29,0.08186813,"buy"
1466329679,19924970,752.27,0.47821286,"buy"
1466329683,19924998,752.26,0.09601807,"sell"
1466329685,19925006,752.26,0.09601807,"sell"
1466329685,19925008,752.26,0.09601807,"sell"
1466329705,19925010,752.29,0.04505768,"buy"
1466329745,19925020,753,0.54250147,"sell"
1466329775,19925028,753.11,0.5,"sell"
1466329775,19925030,753.1,3,"sell"
1466329775,19925032,753.01,0.326,"sell"
1466329775,19925034,753.09,6,"sell"
1466329775,19925036,753,8.33409853,"sell"
1466329775,19925038,753.05,0.427,"sell"
1466329803,19925052,752.74,0.23472595,"sell"
1466329807,19925056,753,0.01,"buy"
1466329815,19925058,753,0.0478,"buy"
1466329818,19925060,753,0.01,"buy"
1466329842,19925138,753,0.5,"buy"
1466329851,19925156,753,150,"buy"
1466329898,19925190,753,0.505703,"buy"
1466329925,19925204,752.87,0.107824,"sell"
1466329942,19925206,752.98,0.10211449,"sell"
1466330033,19925236,753,0.1,"buy"
1466330113,19925250,752.81,0.01617525,"sell"
1466330118,19925252,753,0.306889,"buy"
1466330133,19925262,753,0.01569074,"buy"
1466330144,19925266,753,3.554,"buy"
1466330155,19925268,752.84,0.016,"sell"
1466330163,19925278,753,0.0183072,"buy"
1466330172,19925286,752.85,0.0266186,"sell"
1466330174,19925290,752.86,0.016,"sell"
1466330193,19925304,752.69,0.03248378,"sell"
1466330193,19925306,752.8,0.181,"sell"
1466330193,19925308,752.72,0.06226151,"sell"
1466330193,19925310,753,0.01176415,"buy"
1466330214,19925348,753,0.01,"buy"
1466330223,19925350,752.72,0.016,"sell"
1466330223,19925352,752.71,0.04823766,"sell"
1466330223,19925354,753,0.01437584,"buy"
1466330236,19925378,753,0.01,"buy"
1466330242,19925380,753,0.01,"buy"
1466330304,19925422,752.72,0.120686,"sell"
1466330305,19925438,752.72,0.21821758,"sell"
1466330307,19925444,752.72,0.01,"buy"
1466330309,19925468,752.69,0.300924,"sell"
1466330309,19925470,752.68,2.65197935,"sell"
1466330309,19925480,752.68,0.09434491,"sell"
1466330311,19925488,752.68,0.17744594,"sell"
1466330312,19925496,752.69,0.300924,"buy"
1466330312,19925498,752.69,0.126076,"buy"
1466330314,19925508,752.68,0.23629668,"sell"
1466330317,19925534,752.73,0.01096576,"sell"
1466330330,19925556,752.73,0.011,"sell"
1466330344,19925602,752.73,0.24036395,"sell"
1466330345,19925612,752.73,0.24038257,"sell"
1466330350,19925624,752.74,0.22579473,"sell"
1466330351,19925646,752.44,0.02292428,"sell"
1466330351,19925650,752.73,0.00234672,"sell"
1466330351,19925660,752.74,0.20120527,"sell"
1466330370,19925678,753,0.56034886,"buy"
1466330371,19925680,752.41,0.07866854,"sell"
1466330384,19925730,752.3,0.20581778,"sell"
1466330387,19925772,752.26,0.01974493,"sell"
1466330391,19925798,752.26,0.20554064,"sell"
1466330394,19925806,752.29,0.01,"buy"
1466330394,19925808,752.26,0.01716162,"sell"
1466330395,19925820,752.29,0.03433515,"buy"
1466330395,19925822,752.3,0.12119368,"buy"
1466330397,19925834,752.31,0.01716162,"sell"
1466330397,19925840,752.31,0.03441175,"sell"
1466330397,19925842,752.31,0.03433515,"sell"
1466330399,19925854,752.31,0.01716162,"sell"
1466330403,19925872,752.31,0.01716048,"sell"
1466330406,19925906,752.31,0.01716048,"sell"
1466330409,19925920,752.31,0.01716048,"sell"
1466330409,19925922,752.31,0.03433422,"sell"
1466330410,19925924,752.31,0.23779589,"sell"
1466330410,19925932,752.31,0.03433422,"sell"
1466330411,19925942,752.31,0.02426626,"sell"
1466330412,19925948,752.31,0.03433423,"sell"
1466330412,19925950,752.31,0.01716048,"sell"
1466330415,19925980,752.31,0.03433423,"sell"
1466330418,19926002,752.31,0.03433424,"sell"
1466330419,19926026,752.31,0.03433424,"sell"
1466330421,19926042,752.31,0.03433424,"sell"
1466330427,19926092,752.31,0.03433424,"sell"
1466330431,19926106,752.31,0.23754505,"sell"
1466330436,19926130,752.31,0.03433424,"sell"
1466330437,19926142,752.31,0.03433424,"sell"
1466330438,19926156,752.31,0.03433424,"sell"
1466330440,19926168,752.31,0.1693622,"sell"
1466330440,19926170,752.31,0.23762334,"sell"
1466330441,19926178,752.31,0.23780413,"sell"
1466330442,19926188,752.31,0.23780413,"sell"
1466330443,19926198,752.31,0.23780413,"sell"
1466330444,19926206,752.31,0.23780413,"sell"
1466330445,19926220,752.31,0.03433424,"sell"
1466330446,19926228,752.31,0.03455862,"sell"
1466330446,19926236,752.31,0.23721568,"sell"
1466330446,19926242,752.31,0.03440947,"sell"
1466330447,19926254,752.31,0.03433424,"sell"
1466330448,19926256,752.31,0.52347617,"sell"
1466330449,19926264,752.31,0.01382731,"sell"
1466330450,19926268,752.31,0.21821393,"sell"
1466330457,19926280,752.31,0.01288895,"sell"
1466330463,19926288,752.32,0.01847936,"buy"
1466330493,19926310,752.31,0.01384792,"sell"
1466330495,19926318,752.31,0.01384792,"sell"
1466330524,19926326,752.32,4.46278254,"buy"
1466330524,19926328,752.32,0.01741964,"buy"
1466330524,19926332,752.35,0.0434,"buy"
1466330524,19926334,752.5,0.08688479,"sell"
1466330526,19926342,752.5,0.01387398,"sell"
1466330528,19926352,752.51,0.01387291,"sell"
1466330528,19926366,752.51,0.01387398,"sell"
1466330528,19926370,752.51,2.74865916,"sell"
1466330528,19926372,752.51,0.22359395,"sell"
1466330528,19926374,752.51,0.01452156,"sell"
1466330533,19926396,752.5,0.22649,"sell"
1466330533,19926398,752.5,0.23848043,"sell"
1466330533,19926400,752.5,0.23805223,"sell"
1466330534,19926402,752.5,0.23805432,"sell"
1466330535,19926406,752.5,0.23805539,"sell"
1466330535,19926408,752.5,0.23805539,"sell"
1466330536,19926420,752.5,0.23805432,"sell"
1466330537,19926424,752.5,0.23805539,"sell"
1466330538,19926434,752.5,0.23805539,"sell"
1466330539,19926442,752.5,0.23805432,"sell"
1466330544,19926450,752.5,0.01560322,"sell"
1466330546,19926458,752.51,0.012,"sell"
1466330547,19926478,752.5,0.23848252,"sell"
1466330549,19926482,752.5,0.23848252,"sell"
1466330552,19926486,752.5,0.21593782,"sell"
1466330552,19926496,752.5,0.0281658,"sell"
1466330553,19926502,752.5,0.0281658,"sell"
1466330553,19926504,752.5,0.02821658,"sell"
1466330555,19926508,752.5,0.0282215,"sell"
1466330555,19926514,752.5,0.0282215,"sell"
1466330553,19926516,752.5,0.21636376,"sell"
1466330556,19926518,752.5,0.21636376,"sell"
1466330557,19926538,752.5,0.0282215,"sell"
1466330557,19926542,752.5,0.03563113,"sell"
1466330557,19926546,752.5,0.0281658,"sell"
1466330566,19926560,752.5,0.08611054,"sell"
1466330566,19926566,752.5,0.01123194,"sell"
1466330566,19926572,752.5,0.04886626,"sell"
1466330567,19926582,752.5,0.08613336,"sell"
1466330568,19926584,752.5,0.04886626,"sell"
1466330568,19926586,752.5,0.01123194,"sell"
1466330568,19926588,752.5,0.08611054,"sell"
1466330569,19926600,752.5,0.06910765,"sell"
1466330569,19926608,752.5,0.09734356,"sell"
1466330570,19926616,752.5,0.08611161,"sell"
1466330570,19926618,752.5,0.15197154,"sell"
1466330570,19926622,752.5,0.186326,"sell"
1466330572,19926634,752.5,0.08611161,"sell"
1466330573,19926638,752.5,0.01733703,"sell"
1466330577,19926648,752.51,0.0276,"sell"
1466330577,19926650,752.5,0.159094,"sell"
1466330642,19926664,752.5,0.1399999,"sell"
1466330643,19926666,752.31,0.0346309,"sell"
1466330645,19926676,752.31,0.172304,"sell"
1466330645,19926678,752.31,0.1653691,"sell"
1466330650,19926682,752.2,0.01,"sell"
1466330663,19926716,752.22,0.01833555,"sell"
1466330663,19926720,752.21,0.15642623,"sell"
1466330663,19926724,752.21,0.17490268,"sell"
1466330673,19926770,752.23,0.05159574,"sell"
1466330674,19926774,752.23,0.05159574,"sell"
1466330695,19926794,752.25,0.5288506,"sell"
1466330700,19926808,752.25,0.17448913,"sell"
1466330703,19926814,752.25,0.0391585,"sell"
1466330703,19926816,752.25,0.23802707,"sell"
1466330703,19926820,752.26,0.29392052,"buy"
1466330703,19926822,752.25,0.174146,"sell"
1466330704,19926826,752.25,0.23835361,"sell"
1466330705,19926842,752.25,0.23848255,"sell"
1466330706,19926846,752.25,0.23848255,"sell"
1466330707,19926852,752.25,0.02623619,"sell"
1466330708,19926854,752.25,0.23835361,"sell"
1466330709,19926860,752.25,0.23848255,"sell"
1466330710,19926870,752.25,0.23802709,"sell"
1466330711,19926876,752.26,0.028,"buy"
1466330711,19926882,752.25,0.23848255,"sell"
1466330711,19926884,752.25,0.03050531,"sell"
1466330712,19926886,752.25,0.23835361,"sell"
1466330713,19926896,752.25,0.23848255,"sell"
1466330714,19926916,752.25,0.23939253,"sell"
1466330714,19926918,752.25,0.23848255,"sell"
1466330715,19926934,752.25,0.23802709,"sell"
1466330715,19926942,752.25,0.02910018,"sell"
1466330716,19926948,752.25,0.23848255,"sell"
1466330716,19926954,752.25,0.23848255,"sell"
1466330717,19926958,752.25,0.23802709,"sell"
1466330718,19926976,752.25,0.23848255,"sell"
1466330719,19926980,752.25,0.02956816,"sell"
1466330720,19926986,752.25,0.23835361,"sell"
1466330720,19926994,752.25,0.2381345,"sell"
1466330721,19927008,752.24,0.1857653,"sell"
1466330721,19927014,752.24,0.23891259,"sell"
1466330721,19927016,752.24,0.04903379,"sell"
1466330721,19927022,752.24,0.00232211,"sell"
1466330722,19927026,752.2,0.2384984,"sell"
1466330724,19927040,752.2,0.2384984,"sell"
1466330730,19927058,752.21,0.03918014,"sell"
1466330730,19927060,752.21,0.1857653,"sell"
1466330731,19927062,752.22,0.048,"buy"
1466330732,19927066,752.21,0.05013256,"sell"
1466330733,19927076,752.21,0.23811455,"sell"
1466330733,19927086,752.21,0.05013257,"sell"
1466330733,19927092,752.21,0.04808719,"sell"
1466330733,19927094,752.21,0.05013257,"sell"
1466330733,19927096,752.21,0.23849986,"sell"
1466330733,19927102,752.21,0.05013257,"sell"
1466330734,19927112,752.21,0.05027149,"sell"
1466330734,19927114,752.21,0.0262507,"sell"
1466330734,19927116,752.22,1.677206,"buy"
1466330735,19927132,752.21,0.23849523,"sell"
1466330735,19927136,752.21,0.05023676,"sell"
1466330737,19927156,752.21,0.23803975,"sell"
1466330737,19927164,752.21,0.18651723,"sell"
1466330737,19927174,752.21,0.23849523,"sell"
1466330738,19927178,752.21,0.23892529,"sell"
1466330740,19927200,752.2,0.1489632,"sell"
1466330740,19927204,752.2,0.18666314,"sell"
1466330741,19927206,752.2,0.1489632,"sell"
1466330741,19927212,752.2,0.23849523,"sell"
1466330744,19927222,752.2,0.20762563,"sell"
1466330744,19927224,752.2,0.23832445,"sell"
1466330745,19927228,752.2,0.2384984,"sell"
1466330745,19927236,752.2,0.2384984,"sell"
1466330745,19927242,752.2,0.23804291,"sell"
1466330746,19927246,752.2,0.23883422,"sell"
1466330746,19927250,752.2,0.23896342,"sell"
1466330746,19927252,752.2,0.23818516,"sell"
1466330746,19927262,752.2,0.23896342,"sell"
1466330747,19927274,752.2,0.23804291,"sell"
1466330747,19927280,752.2,0.0391976,"sell"
1466330748,19927284,752.2,0.23847216,"sell"
1466330748,19927296,752.2,0.2384984,"sell"
1466330749,19927304,752.2,0.05213615,"sell"
1466330749,19927310,752.2,0.2384984,"sell"
1466330750,19927314,752.2,0.16316843,"sell"
1466330750,19927322,752.2,0.2380429,"sell"
1466330750,19927326,752.2,0.23853328,"sell"
1466330750,19927328,752.2,0.2384984,"sell"
1466330750,19927332,752.2,0.23853328,"sell"
1466330751,19927336,752.2,0.05202802,"sell"
1466330751,19927348,752.2,0.1042723,"sell"
1466330752,19927362,752.2,0.2380429,"sell"
1466330752,19927366,752.2,0.0262624,"sell"
1466330752,19927368,752.2,0.13443453,"sell"
1466330753,19927392,752.2,0.13396581,"sell"
1466330753,19927398,752.2,0.07605436,"sell"
1466330753,19927400,752.2,0.04842496,"sell"
1466330753,19927404,752.2,0.01,"sell"
1466330753,19927406,752.2,0.13447932,"sell"
1466330753,19927408,752.2,0.2384984,"sell"
1466330754,19927430,752.09,0.20090874,"sell"
1466330754,19927434,752.2,0.00559732,"sell"
1466330755,19927444,752.09,0.2382318,"sell"
1466330757,19927460,752.09,0.16667924,"sell"
1466330757,19927462,752.09,0.10707221,"sell"
1466330763,19927496,752.09,0.10672597,"sell"
1466330764,19927498,752.09,0.14053771,"sell"
1466330764,19927500,752.09,0.14056909,"sell"
1466330769,19927522,752.09,0.19451382,"sell"
1466330770,19927524,752.09,0.03,"sell"
1466330782,19927548,752.09,0.23807773,"sell"
1466330783,19927556,752.09,0.01833626,"sell"
1466330783,19927566,752.09,0.14057801,"sell"
1466330783,19927568,752.09,0.03,"sell"
1466330783,19927572,752.09,0.23853328,"sell"
1466330784,19927576,752.09,0.23853328,"sell"
1466330785,19927580,752.09,0.23853327,"sell"
1466330785,19927584,752.09,0.23853328,"sell"
1466330786,19927588,752.09,0.04231546,"sell"
1466330786,19927594,752.09,0.23718656,"sell"
1466330786,19927598,752.09,0.23853328,"sell"
1466330787,19927608,752.09,0.23853328,"sell"
1466330788,19927616,752.09,0.23840432,"sell"
1466330790,19927626,752.09,0.02834825,"sell"
1466330790,19927628,752.09,0.23853328,"sell"
1466330790,19927638,752.09,0.23896342,"sell"
1466330792,19927644,752.09,0.23828712,"sell"
1466330792,19927652,752.09,0.23840432,"sell"
1466330793,19927658,752.09,0.23807773,"sell"
1466330793,19927664,752.09,0.23883422,"sell"
1466330793,19927670,752.09,0.03296522,"sell"
1466330794,19927676,752.09,0.27461826,"sell"
1466330798,19927690,752.08,0.0471957,"sell"
1466330802,19927696,751.85,0.23395634,"sell"
1466330807,19927708,751.85,0.04576905,"sell"
1466330808,19927724,751.85,0.14661755,"sell"
1466330808,19927728,751.85,0.01912402,"sell"
1466330809,19927732,751.85,0.14687744,"sell"
1466330809,19927738,751.85,0.01915792,"sell"
1466330809,19927742,751.85,0.14703046,"sell"
1466330810,19927748,751.85,0.01915792,"sell"
1466330811,19927754,751.85,0.04873557,"sell"
1466330812,19927760,751.85,0.04874209,"sell"
1466330813,19927772,751.85,0.01532827,"sell"
1466330814,19927774,752.02,0.01,"buy"
1466330814,19927776,751.85,0.04887239,"sell"
1466330815,19927782,751.85,0.01533706,"sell"
1466330815,19927790,751.85,0.01533828,"sell"
1466330816,19927804,751.85,0.01537105,"sell"
1466330816,19927808,751.85,0.01534338,"sell"
1466330816,19927810,751.85,0.01533706,"sell"
1466330817,19927814,751.85,0.01533828,"sell"
1466330817,19927818,751.85,0.02578769,"sell"
1466330817,19927828,751.85,0.01533828,"sell"
1466330818,19927834,751.85,0.02577706,"sell"
1466330818,19927838,751.85,0.01539664,"sell"
1466330818,19927842,751.85,0.0153465,"sell"
1466330818,19927844,751.85,0.01537417,"sell"
1466330818,19927850,751.85,0.01536893,"sell"
1466330820,19927868,751.85,0.02578769,"sell"
1466330821,19927878,751.85,0.0265232,"sell"
1466330821,19927886,751.85,0.0265648,"sell"
1466330822,19927888,751.85,0.02657279,"sell"
1466330822,19927890,751.85,0.02652603,"sell"
1466330822,19927892,751.85,0.02657386,"sell"
1466330822,19927896,751.19,8.7256,"sell"
1466330822,19927898,751.85,0.0265232,"sell"
1466330822,19927902,751.8,0.310971,"sell"
1466330822,19927904,751.52,8.8048,"sell"
1466330822,19927906,751.2,15.9178,"sell"
1466330822,19927908,751.85,7.35060503,"sell"
1466330823,19927916,751.1,0.119391,"buy"
1466330828,19927928,751.07,0.173,"buy"
1466330828,19927930,750.9,0.40577811,"sell"
1466330828,19927932,751.07,0.327,"buy"
1466330828,19927934,751,0.09422189,"sell"
1466330828,19927936,751.07,0.0265232,"buy"
1466330828,19927938,751.08,0.2274768,"buy"
1466330829,19927942,750.9,0.23897843,"sell"
1466330831,19927950,750.9,0.32739638,"sell"
1466330832,19927958,751.05,0.21998,"buy"
1466330832,19927960,750.9,0.23899175,"sell"
1466330840,19927968,750.9,0.196746,"sell"
1466330841,19927972,751,0.2,"buy"
1466330845,19927974,750.9,0.673,"sell"
1466330845,19927976,750.91,0.327,"sell"
1466330849,19927980,750.9,0.23856157,"sell"
1466330849,19927984,750.9,0.167661,"sell"
1466330850,19927988,750.9,0.23856263,"sell"
1466330850,19927990,750.9,0.08837643,"sell"
1466330852,19927994,750.9,0.23856157,"sell"
1466330853,19928002,750.9,0.23856157,"sell"
1466330854,19928004,750.9,0.167866,"sell"
1466330855,19928016,750.9,0.08837643,"sell"
1466330856,19928022,750.9,0.23856157,"sell"
1466330857,19928026,750.9,0.08853579,"sell"
1466330857,19928032,750.9,0.08837643,"sell"
1466330859,19928034,750.9,0.168072,"sell"
1466330863,19928042,750.9,0.168278,"sell"
1466330866,19928048,750.91,0.297679,"buy"
1466330866,19928050,750.91,0.029321,"buy"
1466330867,19928052,750.9,0.168484,"sell"
1466330867,19928054,750.9,0.23743929,"sell"
1466330870,19928062,750.91,1,"buy"
1466330871,19928064,750.9,0.029356,"sell"
1466330872,19928066,750.9,0.23856157,"sell"
1466330875,19928074,750.9,0.08837643,"sell"
1466330875,19928076,750.9,0.23856263,"sell"
1466330876,19928082,750.9,0.23856157,"sell"
1466330876,19928084,750.9,0.198106,"sell"
1466330877,19928096,750.9,0.23856157,"sell"
1466330878,19928098,750.9,0.08837643,"sell"
1466330879,19928108,750.9,0.23856157,"sell"
1466330879,19928110,750.9,0.08853686,"sell"
1466330879,19928112,750.9,0.0885358,"sell"
1466330880,19928116,750.9,0.0885358,"sell"
1466330880,19928118,750.9,0.198373,"sell"
1466330881,19928124,750.9,0.23856157,"sell"
1466330884,19928144,750.9,0.23856157,"sell"
1466330885,19928148,750.9,0.19864,"sell"
1466330885,19928152,750.9,0.08837643,"sell"
1466330886,19928164,750.9,0.23856157,"sell"
1466330887,19928170,750.9,0.08837643,"sell"
1466330888,19928172,750.9,0.23856157,"sell"
1466330888,19928176,750.9,0.08837643,"sell"
1466330889,19928180,750.9,0.198896,"sell"
1466330889,19928182,750.9,0.23856157,"sell"
1466330890,19928198,750.9,0.08837643,"sell"
1466330892,19928208,750.9,0.23856157,"sell"
1466330893,19928212,750.9,0.08837643,"sell"
1466330893,19928214,750.9,0.03200975,"sell"
1466330893,19928218,750.9,0.16714225,"sell"
1466330893,19928222,750.9,0.23856263,"sell"
1466330894,19928226,750.9,0.23856157,"sell"
1466330895,19928234,750.9,0.23856263,"sell"
1466330896,19928246,750.95,3.81324773,"sell"
1466330898,19928252,750.95,0.167357,"sell"
1466330898,19928258,750.95,0.23897583,"sell"
1466330900,19928264,750.95,0.032046,"sell"
1466330905,19928270,750.95,0.025798,"sell"
1466330906,19928274,750.9,7.9344,"sell"
1466330906,19928276,750.9,4.25230342,"sell"
1466330906,19928278,750.95,4.69937544,"sell"
1466330906,19928280,750.91,1.1839,"sell"
1466330906,19928284,750.6,0.173877,"sell"
1466330909,19928294,750.6,0.025828,"sell"
1466330914,19928302,750.6,0.199882,"sell"
1466330918,19928306,750.6,0.017197,"sell"
1466330919,19928310,750.6,0.025995,"sell"
1466330919,19928312,750.6,0.182864,"sell"
1466330968,19928328,750.7,7.7637,"sell"
1466330968,19928330,750.32,7.23094148,"sell"
1466330968,19928332,750.69,5,"sell"
1466330968,19928334,750.66,3,"sell"
1466330968,19928336,750.58,8.5639,"sell"
1466330968,19928338,750.36,0.01445852,"sell"
1466330968,19928340,750.54,0.427,"sell"
1466330968,19928342,750.6,1,"sell"
1466330974,19928354,750.32,0.08922968,"sell"
1466330975,19928356,750.35,0.23908727,"sell"
1466330983,19928374,750.04,5,"sell"
1466330985,19928382,750.04,0.0173939,"sell"
1466330985,19928386,750.04,0.01739497,"sell"
1466330988,19928392,750.06,0.01739344,"sell"
1466330990,19928398,750.06,0.015316,"sell"
1466330993,19928410,750.06,0.1377638,"sell"
1466330995,19928416,750.58,0.3,"buy"
1466331003,19928422,750.54,0.0328037,"buy"
1466331009,19928424,750.3,5,"sell"
1466331017,19928436,750.29,0.428,"buy"
1466331029,19928442,750.26,0.23876504,"sell"
1466331030,19928464,750.26,0.23876614,"sell"
1466331031,19928466,750.26,0.06306814,"sell"
1466331031,19928470,750.26,0.18620667,"sell"
1466331033,19928474,750.26,0.23876506,"sell"
1466331033,19928478,750.27,0.01181244,"buy"
1466331034,19928482,750.26,0.23876614,"sell"
1466331034,19928488,750.26,0.23876614,"sell"
1466331035,19928494,750.26,0.23876614,"sell"
1466331036,19928498,750.26,0.23876614,"sell"
1466331037,19928512,750.26,0.07936439,"sell"
1466331039,19928524,750.26,0.23876506,"buy"
1466331039,19928526,750.29,0.23875549,"buy"
1466331039,19928528,750.3,2.45414769,"sell"
1466331039,19928534,750.17,0.06,"sell"
1466331047,19928570,750.12,0.01791846,"sell"
1466331049,19928578,750.22,0.23877779,"buy"
1466331049,19928580,750.26,0.76122221,"sell"
1466331055,19928592,750.12,0.012173,"sell"
1466331055,19928594,750.2,0.01,"buy"
1466331059,19928620,750.12,0.23861045,"sell"
1466331060,19928630,750.1,0.23861683,"sell"
1466331061,19928634,750.12,0.471072,"buy"
1466331061,19928640,750.1,0.23861045,"sell"
1466331062,19928648,750.1,0.1641801,"sell"
1466331064,19928662,750.1,0.23861682,"sell"
1466331064,19928670,750.1,0.23924663,"sell"
1466331066,19928688,750.1,1.205058,"sell"
1466331066,19928692,750.1,0.23861682,"sell"
1466331068,19928698,750.1,0.23881599,"sell"
1466331069,19928704,750.1,0.08847069,"sell"
1466331070,19928708,750.1,0.23881599,"sell"
1466331070,19928712,750.1,0.23881707,"sell"
1466331072,19928718,750.1,0.23881599,"sell"
1466331073,19928726,750.1,0.08847069,"sell"
1466331073,19928728,750.1,0.08863023,"sell"
1466331075,19928740,750.1,0.23881599,"sell"
1466331077,19928750,750.1,0.23881599,"sell"
1466331078,19928754,750.1,0.08847069,"sell"
1466331079,19928762,750.11,0.23881707,"sell"
1466331079,19928770,750.11,0.23881599,"sell"
1466331089,19928796,750.18,2.27284541,"buy"
1466331089,19928798,750.19,0.23878841,"buy"
1466331089,19928800,750.19,0.688219,"buy"
1466331089,19928804,750.22,0.02659217,"sell"
1466331090,19928808,750.22,0.06198643,"sell"
1466331090,19928812,750.22,0.21219199,"sell"
1466331090,19928816,750.22,0.2387916,"sell"
1466331090,19928820,750.22,0.02664367,"sell"
1466331091,19928824,750.22,0.03527478,"sell"
1466331093,19928840,750.22,0.11408254,"sell"
1466331094,19928856,750.17,0.23956838,"sell"
1466331096,19928868,750.17,0.23879371,"sell"
1466331101,19928886,750.17,0.010415,"sell"
1466331102,19928890,750.22,0.1,"buy"
1466331106,19928892,750.18,0.23879053,"sell"
1466331107,19928894,750.19,2.27284541,"buy"
1466331108,19928896,750.26,0.08846126,"sell"
1466331113,19928906,750.18,0.18920947,"sell"
1466331113,19928908,750.01,1.0068,"sell"
1466331113,19928910,750.03,20,"sell"
1466331113,19928912,750.04,8.0027,"sell"
1466331113,19928914,750.26,2.63869333,"sell"
1466331113,19928916,750,1,"sell"
1466331113,19928918,750,0.01,"sell"
1466331113,19928920,750.11,1.52236694,"sell"
1466331113,19928922,749.99,5.43023026,"sell"
1466331113,19928924,750,0.2,"sell"
1466331115,19928926,749.93,0.018224,"sell"
1466331123,19928940,750.04,0.1856033,"sell"
1466331124,19928942,750.04,0.05361949,"sell"
1466331132,19928950,750.06,0.20419041,"sell"
1466331145,19928958,750.07,0.05844369,"sell"
1466331148,19928976,750.07,0.04605631,"sell"
1466331149,19928982,750.06,0.05844369,"sell"
1466331150,19928988,750.06,0.13210321,"sell"
1466331153,19928994,750.08,0.1,"buy"
1466331153,19928996,750.07,0.23882554,"sell"
1466331154,19929006,750.07,0.08847423,"sell"
1466331155,19929010,750.07,0.012152,"sell"
1466331155,19929014,750.07,0.23882554,"sell"
1466331156,19929018,750.07,0.08847423,"sell"
1466331160,19929028,750.07,0.23882555,"sell"
1466331161,19929032,750.07,0.08847422,"sell"
1466331163,19929038,750.07,0.23882555,"sell"
1466331164,19929046,750.07,0.23882553,"sell"
1466331164,19929052,750.07,0.08863483,"sell"
1466331166,19929062,750.07,0.23882553,"sell"
1466331167,19929068,750.07,0.08847424,"sell"
1466331168,19929072,750.07,0.23882555,"sell"
1466331168,19929076,750.2,0.01802892,"buy"
1466331168,19929078,750.09,0.60193764,"buy"
1466331168,19929080,750.5,0.5,"buy"
1466331168,19929082,750.52,0.23868234,"buy"
1466331168,19929084,751.01,0.19977754,"buy"
1466331168,19929086,750.71,0.23884256,"buy"
1466331189,19929106,750.26,0.018226,"sell"
1466331198,19929112,750.26,0.018236,"sell"
1466331205,19929120,750.26,0.063538,"sell"
1466331205,19929124,750.07,0.018249,"sell"
1466331206,19929128,750.28,0.19662374,"sell"
1466331207,19929136,750.03,0.327,"sell"
1466331207,19929138,750.06,0.60526269,"sell"
1466331207,19929140,750.04,8.6642,"sell"
1466331207,19929142,749.46,7.6957,"sell"
1466331207,19929144,750.28,2.37517626,"sell"
1466331207,19929146,749.75,9.1082,"sell"
1466331207,19929148,750.07,2.36528846,"sell"
1466331207,19929150,749.43,6.68,"sell"
1466331207,19929152,749.12,1,"sell"
1466331207,19929154,749.42,15.9178,"sell"
1466331207,19929156,749.17,9.0869,"sell"
1466331207,19929158,749.41,9.8514,"sell"
1466331207,19929160,749.45,7.26,"sell"
1466331207,19929162,749,0.01,"sell"
1466331207,19929164,748.86,10.386,"sell"
1466331207,19929166,749,0.01,"sell"
1466331207,19929168,748.61,0.619,"sell"
1466331207,19929170,748.6,10.04,"sell"
1466331207,19929172,748.65,5,"sell"
1466331207,19929174,748.32,4.39990222,"sell"
1466331207,19929176,748.49,8.2,"sell"
1466331207,19929178,748.26,0.1,"sell"
1466331207,19929180,748.25,10.2831,"sell"
1466331207,19929182,748.02,1.6,"sell"
1466331207,19929184,748,9.9996,"sell"
1466331207,19929186,748,0.1,"sell"
1466331207,19929188,748,0.01,"sell"
1466331207,19929190,747.72,9.5705,"sell"
1466331207,19929192,747.98,9.5843,"sell"
1466331207,19929194,747.39,9.7949,"sell"
1466331207,19929196,747.48,1,"sell"
1466331207,19929198,747.28,10.19,"sell"
1466331207,19929200,747.14,0.51317965,"sell"
1466331207,19929202,747.11,2.4,"sell"
1466331207,19929204,747,2,"sell"
1466331207,19929206,747.12,1,"sell"
1466331207,19929208,747,0.281,"sell"
1466331207,19929210,746.77,5.04,"sell"
1466331207,19929212,747.1,5,"sell"
1466331207,19929214,747,0.01,"sell"
1466331207,19929216,746.77,0.56,"sell"
1466331207,19929218,746.79,1.5,"sell"
1466331207,19929220,746.76,11.0474,"sell"
1466331207,19929222,746.48,13,"sell"
1466331207,19929224,746.53,0.02,"sell"
1466331207,19929226,746.5,0.111,"sell"
1466331207,19929228,746.47,75.68319072,"sell"
1466331212,19929230,749.63,0.428,"buy"
1466331212,19929232,749.47,0.05,"sell"
1466331213,19929234,749.47,0.77821463,"sell"
1466331217,19929236,749.6,0.01,"buy"
1466331219,19929238,749.39,0.5,"buy"
1466331219,19929240,749.39,1.259298,"buy"
1466331223,19929258,748.72,0.2396876,"sell"
1466331224,19929260,749.37,0.497,"buy"
1466331228,19929262,749.21,0.5,"sell"
1466331228,19929264,749.21,0.45545,"sell"
1466331236,19929266,749.27,0.01,"buy"
1466331244,19929268,749.21,0.139131,"sell"
1466331244,19929270,749.22,0.428,"sell"
1466331245,19929272,749.2,0.12908,"buy"
1466331248,19929278,749.18,0.327,"buy"
1466331249,19929280,749.17,0.35,"buy"
1466331254,19929286,748.79,0.0230459,"sell"
1466331255,19929292,748.79,0.06542379,"sell"
1466331261,19929294,749.12,1.11003798,"buy"
1466331261,19929296,749.49,2.5,"buy"
1466331261,19929298,749.11,27.29273579,"buy"
1466331261,19929300,750.15,5.35369199,"buy"
1466331261,19929302,749.88,8.7578,"buy"
1466331261,19929304,749.2,1.803789,"buy"
1466331261,19929306,749.15,0.02,"buy"
1466331266,19929312,749.01,0.01846319,"sell"
1466331269,19929322,749.01,0.01846319,"sell"
1466331269,19929324,749.01,0.01846319,"sell"
1466331269,19929326,749.01,0.01846319,"sell"
1466331272,19929330,749.11,1,"buy"
1466331279,19929332,750.12,0.15,"buy"
1466331285,19929352,749.11,0.177287,"sell"
1466331285,19929354,749.09,0.06164682,"sell"
1466331285,19929362,749.1,0.22074064,"sell"
1466331287,19929368,749.1,0.22074064,"sell"
1466331289,19929374,749.09,0.69194428,"sell"
1466331289,19929376,749.1,0.08785772,"sell"
1466331297,19929402,749.09,0.23927426,"sell"
1466331300,19929422,749.09,0.16266494,"sell"
1466331301,19929424,749.09,0.0427785,"sell"
1466331301,19929426,749.09,0.0427785,"sell"
1466331301,19929428,749.09,0.119964,"sell"
1466331304,19929442,749.09,0.04270093,"sell"
1466331304,19929444,749.1,0.49820084,"buy"
1466331304,19929446,749.1,0.08785772,"buy"
1466331306,19929452,749.26,0.04270093,"sell"
1466331310,19929462,749.86,0.168647,"buy"
1466331319,19929470,749.83,0.07229604,"buy"
1466331319,19929472,749.82,0.22360696,"buy"
1466331348,19929502,749.29,0.15442293,"sell"
1466331373,19929514,750.08,0.15224536,"buy"
1466331374,19929526,750.08,0.04775464,"sell"
1466331393,19929550,749.7,0.01182971,"buy"
1466331401,19929560,749.68,0.0675769,"sell"
1466331403,19929574,749.68,0.0693152,"sell"
1466331404,19929582,749.68,0.06769894,"sell"
1466331408,19929604,749.68,0.06769894,"sell"
1466331425,19929628,749.71,1,"buy"
1466331455,19929670,750.08,0.15425823,"sell"
1466331460,19929692,750.08,0.03625071,"sell"
1466331464,19929698,750.08,0.04375975,"sell"
1466331467,19929704,750.08,0.03625178,"sell"
1466331469,19929708,750.08,0.04376083,"sell"
1466331476,19929730,750.07,0.02477903,"sell"
1466331476,19929732,750.08,0.0857187,"sell"
1466331479,19929738,750.07,0.02874274,"sell"
1466331483,19929740,750.09,0.19641372,"buy"
1466331501,19929746,749.69,0.02227488,"sell"
1466331503,19929754,749.69,0.07363141,"sell"
1466331503,19929760,749.76,0.01879038,"sell"
1466331508,19929770,749.76,0.04120962,"sell"
1466331508,19929774,749.69,0.11312501,"sell"
1466331511,19929776,749.69,0.15433463,"sell"
1466331511,19929778,749.69,0.673,"sell"
1466331511,19929780,749.7,0.327,"sell"
1466331512,19929782,749.69,0.19078886,"sell"
1466331512,19929784,749.69,0.80921114,"sell"
1466331528,19929866,749.36,0.02393994,"buy"
1466331555,19929880,749.36,0.05,"buy"
1466331564,19929882,749.35,0.022477,"sell"
1466331580,19929884,749.36,0.11287497,"buy"
1466331593,19929928,749.35,0.01736628,"sell"
1466331597,19929932,749.36,0.02,"buy"
